1882 3502
196 230 234 275 η
363 210 397 266 Α.
417 207 533 264 Coun.
551 205 663 271 ctist
745 205 843 282 libr,

193 304 288 373 nccess‘e
301 303 330 363 fir
342 305 391 366 tale
406 298 453 362 elle
469 342 478 369 ,
504 305 578 383 quale
593 302 688 361 mortui
704 300 731 360 fit
747 343 756 371 ,
783 326 841 366 non

116 426 120 435 .
194 387 270 466 quale
285 384 338 440 vivi
353 380 410 440 fun.
446 384 535 458 ltaque
551 383 671 458 consequi
686 382 842 452 medicum,

194 483 222 528 nt
250 459 549 520 bominem'erudelirer
577 461 673 537 jugulet
696 491 705 530 ς
737 481 790 518 non
812 482 842 521 ut

194 541 272 606 sciat,
285 538 375 616 ¹qualia
391 538 442 594 vivi
457 536 549 595 viscera
563 535 712 594 habeamus.
737 541 839 615 Siquid

194 635 283 675 tamen
305 614 358 680 srr,
394 615 465 688 quod
489 613 573 671 adhuc
597 616 706 688 spirante
721 615 842 687 bomine

194 694 344 773 conspectui
365 691 529 766 subjiciatute
556 689 582 751 itl
604 691 667 769 saepe
689 690 776 752 tasum
798 696 842 751 ol·

195 770 261 830 ferre
284 771 439 830 curantibus.
482 768 617 836 lnierdutn
641 770 713 827 enirn
742 771 844 851 gladia·

196 864 281 908 torem
297 851 325 907 in
340 867 441 914 arena,
464 849 503 905 vel
523 849 634 908 militem
653 852 680 906 in
695 850 748 908 acie
765 888 774 916 ,
802 853 844 909 vel

196 927 323 986 uiatorem
345 924 361 982 ai
380 926 520 984 latronibus
539 945 675 1007 exceptum
699 926 732 985 fic
755 927 845 986 vulne·

197 1005 266 1070 rari,
286 1023 313 1062 ut
327 1005 380 1076 ejus
395 1004 500 1060 interior
517 1005 604 1081 aliqua
620 1024 693 1079 pars,
712 1012 739 1063 δι
755 1006 782 1062 in
790 1005 845 1065 alio
859 1026 896 1073 ro

196 1083 265 1148 alia,
283 1083 426 1160 aperiatutt
447 1099 522 1157 atque
537 1084 570 1138 ira
587 1082 687 1146 sedern,
713 1082 845 1160 pultum,

198 1161 345 1225 ordinem,
369 1155 507 1238 liguram,
538 1157 684 1236 fimiliaque
694 1161 849 1239 cognoscere

38 1297 47 1314 ‚
101 1233 133 1287 ’l’
150 1228 189 1265 ¹²·
201 1236 353 1315 prudentem
374 1237 536 1304 medicum,
573 1237 768 1301 concordem,
804 1237 848 1298 sed

101 1298 148 1344 μ’
168 1295 192 1342 7'
201 1313 334 1375 sanitatem
349 1313 501 1373 molientem
521 1341 530 1383 ς
555 1314 633 1392 idque
647 1335 691 1392 per
705 1316 850 1374 misericor·

201 1394 276 1454 diam
301 1391 417 1462 discere,
453 1393 525 1472 quod
553 1393 599 1452 alii
619 1391 675 1452 dira
703 1393 848 1453 crudelitate
863 1403 894 1474 ις

198 1473 380 1555 cognoverint,
415 1471 461 1530 Ob
476 1470 546 1540 baec,
566 1490 598 1529 ne
608 1489 772 1529 mortuorum
790 1474 851 1546 qui-

199 1550 262 1609 dem
283 1551 463 1613 lacerationem
483 1544 648 1609 netellariant
666 1543 725 1607 elle.
762 1549 850 1623 Quae,

125 1633 129 1644 '
200 1627 244 1688 ctsr
260 1649 315 1687 non
330 1629 457 1694 crudelis,
478 1645 566 1686 tamen
580 1624 649 1685 foeda
665 1628 708 1696 stt,
728 1645 787 1683 cum
803 1627 852 1682 ali-

200 1723 238 1764 tet
253 1708 374 1782 pleraque
389 1706 416 1760 in
433 1707 544 1759 mortuis
561 1703 585 1757 se
606 1701 740 1757 habeant:
766 1720 851 1769 quan-

200 1800 258 1839 tum
273 1799 334 1835 vero
349 1780 377 1833 in
390 1778 455 1835 titis
467 1775 588 1851 cognosci
603 1772 708 1849 potest,
736 1772 790 1849 ipsa
804 1794 848 1834 cu·
863 1805 904 1844 20

201 1856 268 1916 ratio
282 1851 411 1910 ollendat.
871 1914 874 1920 ,

236 1933 308 1989 Cum
326 1927 380 1990 haec
399 1945 444 2004 per
467 1926 548 1986 multa
570 1925 729 2004 solumina,
754 1948 850 2007 perque

201 2026 306 2098 magne
338 2006 511 2084 pontentionis
539 2003 723 2082 disputationes
754 2007 770 2065 a
794 2029 852 2067 me-

202 2087 268 2145 dicis
291 2083 354 2158 saepe
382 2077 487 2140 tractata
517 2081 565 2140 fint
592 2099 669 2159 arque
696 2085 852 2146 trabltnmr:
882 2156 885 2161 ¹

203 2159 389 2234 subjiciendum
411 2157 472 2225 est,
502 2153 566 2237 qoae'
587 2162 710 2236 proxima
733 2183 793 2222 tero
814 2167 851 2223 vi·
866 2182 898 2239 25

204 2239 257 2303 deri
280 2235 397 2317 poffint‚
431 2257 514 2315 neque
536 2237 640 2296 addicta
660 2238 771 2300 alterutri
792 2245 852 2318 opi-

203 2318 303 2383 nioni,
332 2333 415 2392 neque
434 2315 468 2373 ab
491 2333 598 2393 utraque
618 2316 734 2375 nimium
757 2317 853 2376 abbor-

204 2397 311 2459 remia,
338 2392 379 2451 sed
401 2393 489 2452 media
510 2393 711 2470 quodammodo
725 2399 791 2455 inter
812 2397 853 2455 di-

205 2473 287 2530 uersas
309 2469 452 2530 sententias.
487 2471 571 2545 Quod
593 2473 621 2528 in
646 2472 765 2547 plurimis
789 2494 853 2532 eon·

206 2549 363 2608 tentionibus
385 2547 573 2629 deprehendere
598 2549 682 2619 licet,
723 2550 773 2608 fine
795 2571 853 2608 am·
868 2557 903 2614 30

207 2629 307 2687 bitione
323 2647 413 2686 rerum
436 2624 625 2692 scrutantibus,
660 2629 765 2703 perinde
783 2647 810 2685 ut
827 2632 853 2686 iu

207 2705 258 2764 hac
273 2704 327 2784 ipsa
342 2726 377 2764 re.
411 2707 486 2764 Nam
501 2723 558 2782 qua
572 2703 682 2763 demum
697 2704 795 2768 causat,
817 2708 856 2764 vel

210 2782 348 2842 secundom
362 2782 533 2842 valetudinem
556 2781 697 2861 praestent,
724 2783 763 2840 vel
783 2802 857 2840 mor·

209 2860 259 2933 bos
273 2864 400 2931 exsitente
419 2861 557 2942 quomodo
571 2861 693 2940 spiritus,
711 2877 753 2920 aut
767 2859 858 2996 &buil

819 2956 848 3003 le

856 659 869 716 5
