1882 3502
143 169 249 242 eapm.
362 164 582 239 Mrurcrttr.
639 157 647 198 .·
701 146 795 250 [23

139 260 168 316 in
189 280 247 328 eo,
275 260 321 339 qui
337 263 428 319 miuus
441 261 590 328 laboravit,
612 266 638 318 δι
656 261 722 320 bene
736 285 798 324 con.

138 343 231 406 coxit,
249 338 393 397 remiffior:
413 342 441 398 in
455 361 504 410 eo,
524 339 749 418 quiasuetusest,
769 354 797 406 &

136 419 230 477 minus
241 419 384 484 concutit,
404 419 529 497 amplior.
564 421 719 480 Commode
734 422 794 482 tero

135 496 276 562 exercent,
295 496 467 562 ebraicam,
486 516 583 562 arma,
602 497 675 574 pila,
692 498 790 570 cursus,
803 514 890 560 anzo.

95 569 105 622 5
133 573 310 641 ambulatio,
336 593 413 652 atque
434 573 489 632 lraec
511 594 564 634 non
582 577 671 654 utique
686 577 789 651 plana,

130 643 305 712 romm'odior
327 650 389 710 cst:
418 651 547 730 siquidem
568 653 661 712 melius
675 654 790 717 ascensus
838 716 839 719 ,

129 747 241 808 quoque
261 737 288 788 &
312 728 467 797 descensus,
495 746 555 788 curn
574 731 688 805 quadarn
705 737 789 792 taric-

128 825 180 866 tate
194 827 290 887 eorpus
306 827 429 875 moveam
452 806 500 865 nisi
514 809 602 866 tamen
616 807 643 866 id
661 827 704 884 per
742 831 787 872 am

129 886 295 961 imbecillum
311 885 358 945 est.
394 886 492 944 Melior
507 905 593 952 autern
607 883 646 944 est
655 886 700 945 sub
727 891 786 959 ivo,

87 986 119 1024 ro
130 956 214 1038 quarn
231 967 260 1022 iu
276 966 390 1041 porticu:
406 965 527 1035 melior,
545 963 655 1040 ficaput
671 969 789 1042 patiturs
866 994 867 998 ¹

128 1041 157 1097 iu
176 1041 248 1108 sole,
268 1062 348 1120 quam
365 1043 512 1100 inumbra:
533 1043 627 1100 melior
636 1045 662 1101 in
671 1045 784 1114 umbra,

128 1136 214 1196 quam
230 1123 336 1198 parietes
350 1140 393 1178 aut
408 1122 527 1179 viridaria
543 1119 680 1188 efficiunt,
701 1142 784 1201 quam

89 1216 92 1220 ’
126 1215 188 1273 quae
202 1199 274 1257 testo
289 1195 392 1256 subest:
419 1199 515 1257 melior
529 1200 599 1256 resia
615 1238 624 1265 ,
646 1218 726 1278 quant
737 1203 783 1261 flc-

126 1276 219 1334 ruofi.
261 1279 458 1335 Exercitationis
479 1294 566 1334 autem
583 1277 736 1354 plerumque
750 1279 783 1338 fi-

85 1349 233 1432 15niseffe
249 1353 326 1412 debet
348 1377 362 1410 e
380 1351 456 1410 sudor
473 1391 482 1416 ,
507 1371 550 1409 aut
564 1371 629 1408 certe
647 1353 782 1425 lassitudo,

125 1450 186 1508 quae
209 1434 272 1492 citra
294 1429 476 1510 fatigationem
498 1427 551 1485 stt:
580 1428 659 1503 idq'ne
678 1428 782 1504 ipsum,

125 1511 211 1568 ruodo
225 1513 338 1572 minus,
372 1507 457 1566 modo
472 1507 560 1584 magis
573 1502 722 1563 faciendum
737 1508 783 1568 est.
829 1558 831 1562 ,

126 1588 167 1644 Ac
187 1607 218 1646 ne
241 1587 286 1645 his
301 1585 436 1660 quidem,
462 1583 618 1647 athletarum
642 1587 784 1661 exemplo,

125 1663 164 1721 vel
186 1685 255 1725 certa
279 1661 328 1723 csse
350 1661 415 1728 lex,
443 1661 482 1718 vel
505 1661 667 1719 immodicus
686 1660 734 1721 csse
747 1665 783 1723 sa-

74 1739 172 1816 gobor
188 1743 273 1802 debet.
313 1741 532 1800 Exercitationem
556 1739 624 1796 recte
651 1737 780 1817 sequitur,

122 1819 325 1887 inodounstio,
345 1819 385 1876 vel
394 1820 421 1876 in
430 1817 546 1894 sose,ves
552 1817 586 1874 ad
593 1818 701 1899 ignem
716 1839 779 1878 mo.

124 1895 164 1953 do
177 1898 317 1964 balneum,
338 1897 381 1955 sed
397 1898 424 1953 in
438 1895 553 1954 conclavi
566 1914 647 1973 quam
657 1901 778 1958 maxime

122 1980 152 2032 &
174 1977 225 2034 alto
247 1986 274 2037 δι
291 1976 421 2035 lucido&
436 1972 561 2050 spacioso.
599 1976 640 2031 Ex
661 1973 779 2035 hisvero

121 2070 245 2114 neutrum
269 2054 371 2132 semper
393 2049 450 2110 fieri
473 2053 603 2128 oporiet;
628 2050 670 2111 sed
687 2051 779 2132 saepius
803 2074 806 2083 ·

74 2167 109 2225 25
122 2131 297 2199 alterutrum,
317 2153 367 2211 pro
381 2131 500 2207 corporis
515 2149 613 2201 naturat
651 2131 712 2190 Post
721 2133 776 2192 haec

123 2209 237 2283 pausum
259 2207 436 2288 conquiescere
456 2228 524 2285 opus
538 2207 585 2266 cst.
620 2210 676 2271 Ubi
689 2209 723 2268 ad
736 2214 775 2271 ci-

122 2286 190 2346 bum
210 2285 377 2354 tentumest,
396 2305 532 2362 nunquam
545 2285 560 2335 f
569 2285 683 2345 utilisest
690 2290 776 2351 nimia
786 2305 869 2352 νῆις.

120 2364 253 2424 satietae':
290 2369 354 2444 saepe
377 2365 475 2423 inutilis
499 2365 584 2420 nimia
605 2362 774 2425 abstinentia:

120 2441 208 2520 saepe,
227 2441 310 2520 siqua
322 2444 522 2522 intemperantia
531 2441 632 2502 subest.
650 2445 729 2501 tutior
738 2443 776 2502 est
847 2470 849 2474 ⁸

74 2558 108 2614 50
119 2521 147 2578 itt
156 2523 285 2599 potione,
300 2543 381 2602 quam
397 2523 424 2578 in
435 2518 500 2577 esca.
525 2519 629 2578 Cibusi
638 2515 777 2580 salsamen-

119 2601 171 2665 tis,
193 2599 322 2666 oleribus,
342 2597 520 2674 similibusque
534 2597 719 2655 rebusmesius
735 2602 776 2656 irt-

117 2677 194 2753 eipit.
231 2678 305 2751 'Tum
326 2698 387 2737 earo
401 2673 626 2737 assumendaest,
654 2692 713 2748 quae
727 2670 777 2734 assa

121 2757 244 2832 optima,
263 2753 438 2814 autelixaest.
458 2749 596 2808 'Condita
606 2752 700 2824 omnia
713 2750 776 2812 dua·

123 2831 170 2892 bur
182 2833 216 2894 de
229 2831 311 2895 causis
326 2833 430 2913 inutilia,
442 2828 520 2898 sunt,
540 2829 669 2906 quoniam
684 2834 711 2887 &
721 2831 779 2908 plue

439 2913 500 2980 134
718 2927 779 2988 pro·

150 3053 232 3116 eEpid
239 3067 338 3110 mm.
347 3051 464 3118 [Apinrt.
469 3068 510 3111 51.
521 3056 571 3104 Vet-
582 3052 757 3113 Med.x'v.10.t

117 3117 176 3158 Tem
184 3128 256 3160 carm.
263 3115 355 3163 ausen.
363 3121 443 3167 Leon.
451 3121 516 3186 Imp·
523 3135 583 3175 nov.
594 3077 791 3182 construes.

100 3171 287 3228 denorum.
322 3176 801 3267 'Snsmasadssimpl'tcitrmpntor-
