1882 3502
222 282 346 354 AUR.
372 278 531 350 CORN.
557 277 694 350 CELSI
717 275 855 355 VITA.v

163 378 370 478 Hippocratis
406 377 580 474 interpres,
617 379 689 448 licet
728 377 760 448 in
802 377 912 471 aliqud

160 482 260 552 verbo
332 475 523 570 quandoque
594 479 690 572 lapsus
752 475 909 550 videatur.

163 577 265 665 Quod
294 580 380 652 Viro
408 578 440 648 in
485 578 573 647 omni
609 579 768 647 literarum
799 593 912 674 genere

161 678 332 754 exercitato
366 677 415 747 vel
449 677 511 771 ipsa
549 684 740 757 πολυγραωίιι
775 674 909 749 libenter

160 775 309 875 prosedd
362 773 531 847 condonari
588 771 711 862 jubet,
761 777 910 868 quamvis

157 899 221 948 nun
259 873 431 946 diffiteatur
465 876 528 970 ipse
563 897 627 943 non
671 897 767 967 paura
804 877 832 946 se
867 901 908 948 ex

156 977 251 1047 aliena
268 972 461 1068 quandoque
475 973 619 1043 sententia
634 970 778 1068 posuisse.
828 977 905 1045 Ho-

154 1077 235 1146 rrrr'o
264 1077 376 1168 pariter
401 1074 552 1171 Augenio
573 1069 613 1143 de
640 1068 734 1144 Mill
755 1075 904 1172 Sanguin.¹

155 1174 213 1246 lib.
260 1174 291 1245 8.
334 1198 400 1269 cap.
449 1199 478 1243 1.
525 1173 713 1260 [ommim
759 1173 902 1245 Ronsseo

154 1270 258 1370 Epist.
290 1273 413 1345 Medic.
442 1272 499 1343 lib.
531 1272 564 1342 8.
595 1272 666 1342 sed.
700 1298 730 1367 3.
762 1297 828 1369 cap.
866 1290 901 1368 7.

154 1369 354 1453 Schenckio,
380 1379 437 1478 Jo.
470 1374 643 1452 Heurnio‚
674 1369 792 1444 Bened.
825 1376 903 1469 Ma·

153 1491 303 1553 tamoro,
337 1473 427 1545 Rod.
456 1475 473 1542 l
511 1472 642 1551 Castro,
666 1472 899 1564 innumerisque

151 1575 287 1668 praeclari
312 1572 424 1662 judieii
459 1573 617 1653 Medicis,
640 1592 768 1670 propter
790 1567 914 1666 fingu?

151 1672 246 1742 larem
277 1681 310 1742 de
340 1675 529 1743 succindiam
559 1698 633 1742 curn
665 1671 812 1763 elegantia
834 1666 896 1739 do-

151 1771 309 1846 &rinnnn
344 1770 476 1852 Latinus
510 1768 722 1861 Hippocrates
763 1767 896 1859 appella-

150 1887 224 1944 tur,
255 1869 285 1936 in
316 1891 384 1958 quo
411 1865 532 1937 Pantini
557 1861 678 1952 judicio
707 1867 895 1936 Comment.

151 1967 190 2040 ad
207 1963 294 2036 ¹Celfi
317 1966 370 2036 lib.
397 1991 424 2033 1.
441 1989 509 2065 cap.
533 1989 564 2038 1.
589 1963 720 2060 optimae
737 1960 895 2038 Methodi

150 2091 186 2137 ac
213 2067 273 2135 viae
303 2063 490 2154 rationisque
511 2059 647 2133 docendi
673 2059 893 2158 discendique,

76 2210 78 2214 ι
152 2173 186 2235 de
215 2166 247 2234 in
284 2162 404 2232 summa
440 2163 592 2234 brevitate
627 2163 704 2234 mira
739 2165 828 2236 Artis
857 2172 892 2236 δε

151 2263 313 2358 Sapientiae
358 2263 534 2333 observatio
576 2266 750 2358 plerunque
790 2264 897 2336 anim--

149 2361 336 2433 advertatur.
400 2363 505 2434 Recte
539 2363 637 2459 igitur
672 2364 823 2460 Agricola
852 2362 893 2436 de

101 2531 104 2536 .
150 2459 252 2533 Pond.
278 2468 380 2535 Rom.
404 2463 458 2534 lib.
480 2489 514 2558 4.
546 2465 631 2555 Celfi,
653 2462 783 2556 inquit,
806 2484 891 2533 autr-

147 2569 220 2632 rt't'as
265 2564 395 2634 Aledius
416 2585 499 2639 uota
536 2560 597 2652 est,
628 2583 682 2633 aut
703 2566 812 2656 stlitem
843 2564 893 2657 effe

147 2661 266 2735 deben-
334 2671 445 2758 Quam
506 2660 733 2761 elegantissimis
790 2663 895 2734 verbis

148 2764 267 2837 Caelius
296 2762 507 2852 Rhodiginus
545 2764 660 2860 Autiq.
704 2764 795 2834 Lect.
834 2762 893 2833 liu

150 2879 206 2939 26.
235 2860 566 2960 eap.,3.ins1nuavitr
599 2868 646 2934 A.
670 2864 796 2931 Cornelio
817 2861 893 2955 Geli

58 3058 60 3062 Α
146 2963 302 3066 versuram
314 2966 437 3059 fatiunt
457 2963 555 3063 multe
603 2956 715 3044 Verium
729 2964 894 3058 ct'trailliut

678 3092 680 3097 ,
823 3063 893 3155 n-
