1882 3502
44 260 214 325 bunuarium
241 260 309 330 inde
331 272 412 341 queat
435 257 541 344 liquere.
578 256 672 324 Solum
693 260 795 326 obstare

46 343 170 408 videtum
188 341 264 419 quod
285 339 385 398 Plinius
397 340 443 398 sua
454 356 545 403 aetate,
563 340 618 399 hoe
632 344 668 400 est
682 359 795 402 centum

47 424 77 480 be
96 419 195 496 viginti
214 431 313 494 praeter
325 432 439 495 propter
450 421 524 476 aunis
538 420 610 496 poll,
631 419 714 477 solam
726 419 797 478 hanc

49 496 152 553 artium
172 498 332 554 Graecarum
346 495 470 552 nondum
482 496 623 553 exercuiile
634 495 725 566 scribit
738 495 796 554 1³04

50 589 163 629 manam
183 573 361 660 gravitatem,
380 575 408 630 &
427 573 455 629 in
475 587 549 632 tanto
569 573 659 631 frudiu
708 573 797 632 uciffi·

50 668 114 705 mos
137 649 291 721 Quiritium
311 648 436 729 attigiffe‚
456 649 554 728 eosque
572 648 642 725 ipsos
698 652 750 709 tim
763 651 797 709 ad

52 727 167 782 Graecos
187 724 368 804 transfugille3
388 725 448 783 imo
466 746 531 784 vero
545 724 738 785 authoritatem
751 727 798 784 ali-

51 813 95 858 ter
111 821 198 878 quam
218 805 313 861 Graece
330 821 388 859 eam
409 802 603 871 tractantibus,
630 806 712 862 etiam
727 798 800 882 apud

53 878 200 956 imperitos
218 878 391 957 expertesque
410 879 523 958 linguae,
543 899 598 938 non
612 881 696 940 fuille.
720 885 747 939 Si
766 901 800 940 ex

54 974 122 1014 vero
142 955 299 1024 illa,s1euti
325 953 432 1013 causam
458 976 512 1014 non
532 958 658 1014 credendi
677 978 734 1016 non
752 959 800 1016 ba-

55 1031 154 1090 bemus
173 1032 282 1090 oculato
303 1032 377 1099 testie
396 1037 459 1111 quei
480 1035 615 1092 credimus
630 1035 755 1104 Celsum,
767 1051 801 1093 ex
839 1094 841 1098 ,

55 1120 138 1190 gente
164 1109 310 1176 Cornelia,
337 1113 465 1170 omnium
492 1114 591 1170 Romae
616 1111 800 1180 nobiliffima,

54 1185 227 1254 oriundum,
251 1185 378 1244 laditaile
395 1202 496 1256 artem,
533 1188 629 1265 opulus
648 1209 733 1266 quam
754 1207 801 1246 ex-

56 1278 149 1340 pertus
167 1264 323 1320 damnavit?
343 1264 410 1320 Non
429 1265 482 1322 hoc
500 1210 546 1322 ulli
560 1265 624 1322 volo
638 1265 801 1339 persuasum,

57 1339 135 1398 fuitre
153 1343 182 1396 ia
202 1347 249 1397 τόι
263 1339 443 1417 eretolebrit,
463 1360 531 1416 quos
545 1354 625 1398 vocat
639 1341 805 1398 Modestinus

56 1415 74 1474 l.
88 1421 115 1475 6.
127 1417 152 1491 §
169 1436 192 1475 1.
204 1417 234 1474 ff.
251 1418 285 1474 de
306 1412 541 1482 Excur'ationibus3
562 1431 643 1492 atque
660 1415 728 1472 adeo
744 1413 806 1472 soli·

58 1507 120 1550 tum
136 1488 185 1553 altri
199 1488 248 1552 ebal
261 1494 335 1552 πέλω
351 1496 459 1571 detego,
471 1493 737 1623 &aegrosvifitalum
751 1492 805 1548 c'ir-

60 1572 135 1627 cuire
158 1573 290 1629 mercedis
322 1569 431 1627 eausa·
465 1570 505 1624 M.
549 1582 659 1626 atonem
680 1569 805 1626 meminit

62 1645 135 1703 idem
159 1642 298 1715 Secundus
324 1643 484 1722 profeffum,
503 1645 554 1703 elie
574 1646 804 1706 commentarium

62 1722 123 1791 ibt,
148 1744 206 1802 quo
231 1723 386 1782 mederetur
410 1720 481 1790 filio,
505 1722 601 1791 servis,
622 1722 804 1781 familiaribus.
850 1753 854 1758 -

61 1801 120 1857 Nec
146 1801 197 1858 alia
222 1802 326 1860 ratione
353 1799 517 1856 medicinam
537 1801 681 1860 exercuiffe
700 1803 804 1858 Corne·

62 1878 129 1936 lium
143 1893 226 1954 puto;
246 1895 295 1935 nec
316 1877 385 1954 apud
404 1875 480 1943 alios,
502 1877 549 1933 nisi
565 1877 636 1935 forte
648 1878 722 1955 quod
736 1887 805 1934 nou·
842 1944 845 1950 ὓ

63 1955 263 2012 neminbvideo
281 1952 398 2031 placere,
420 1955 448 2009 in
467 1953 631 2032 gravioribus
651 1954 751 2012 easrbus
773 1952 806 2010 sit
889 1967 894 1976 ·

62 2033 150 2109 patrus
162 2030 189 2088 st
202 2031 282 2098 adiri,
291 2035 318 2089 δι
332 2044 392 2087 eam
400 2031 491 2108 rogari
505 2049 616 2108 operam
626 2075 633 2100 ‚
642 2051 701 2109 quae
713 2033 805 2089 virum

64 2107 186 2166 nobilem
211 2126 266 2164 non
291 2106 438 2164 dedeceret.
476 2107 588 2164 Verbo:
607 2108 688 2166 talem
707 2108 806 2184 opinor

63 2184 141 2243 fuiffe
169 2185 330 2252 Medicum,
355 2183 438 2261 qualis
464 2185 532 2240 Cato
557 2184 622 2251 fuit,
650 2201 696 2242 aut
714 2183 806 2260 quales

64 2262 126 2320 sunt
146 2257 279 2338 hodieque
298 2263 407 2338 Regum
426 2258 576 2318 archiatri..
594 2261 664 2331 Qui,
683 2260 728 2316 etsi
749 2275 806 2316 non

64 2335 193 2395 omnibus
211 2337 339 2416 vigilant,
365 2335 553 2394 miserabilibus
574 2350 667 2395 tamen
687 2335 807 2412 personis

65 2418 92 2475 ἃ
110 2414 145 2472 ad
163 2413 204 2478 se,
224 2432 272 2471 eeu
292 2412 473 2497 AEsculapium
495 2415 528 2471 ali
548 2433 627 2481 uem,
648 2412 807 2490 confugien·
910 2420 912 2424 '

64 2491 134 2550 tibus
153 2489 231 2547 suam
247 2507 346 2569 negare
360 2507 440 2567 opem
455 2507 511 2546 non
522 2434 663 2557 lirstinent3
685 2491 807 2553 scientes,

64 2566 132 2626 nulla
145 2586 175 2624 re
186 2567 332 2624 hominem
344 2567 431 2644 magis
444 2567 568 2623 accedere
574 2566 607 2623 ad
614 2569 807 2639 Deumquam

65 2643 175 2704 salutem
195 2641 353 2701 hominibus
372 2642 470 2699 dando.
505 2643 603 2699 Praeter
621 2642 679 2696 haec
690 2657 750 2716 quae
762 2650 810 2695 aut

67 2721 115 2780 diei
132 2723 163 2779 in
183 2720 313 2779 eamdem
332 2719 504 2779 sententiam,
524 2733 570 2775 aut
587 2715 670 2792 objici
688 2715 825 2792 poliunt„

65 2797 120 2872 jam
134 2799 198 2858 siant
211 2797 246 2855 ab
258 2796 317 2854 aliis
329 2796 371 2854 vel
383 2806 512 2872 occupata
523 2794 565 2852 vel
577 2792 703 2850 refutata:
719 2807 749 2849 ut
762 2806 809 2846 ne·

66 2875 128 2935 celse
143 2894 203 2936 non
226 2874 263 2932 fit
280 2871 331 2930 illie
350 2871 498 2951 repetendis
510 2871 552 2929 vel
565 2883 672 2958 tempus
685 2868 811 2946 prodige·

63 2971 102 3025 te.
122 2955 163 3020 rel
181 2953 287 3015 destas
308 2963 369 3008 ture
381 2960 462 3062 καὶεί
469 2951 497 3008 δι
512 2944 681 3030 grarimbus
694 2945 828 3012 intentae

744 3031 825 3096 curie
