1882 3502
180 254 183 275 '
212 255 341 336 Aust:
364 261 520 333 CORN.
546 256 682 333 CELSI
705 260 842 335 VITA.

159 359 293 459 dignum
329 360 454 432 sublimi
488 365 710 433 Romanorum
741 359 900 450 majestate

160 459 201 533 de
237 460 324 530 bono
348 455 520 531 Medicinae
538 461 634 528 Artis
656 456 899 556 splendidiffimd

162 558 323 640 scribere,
367 558 463 651 idque
506 559 685 657 perennitati
727 564 761 629 &
802 559 900 629 literis

160 654 332 738 mandare,
355 659 496 733 utilitatis
517 658 614 757 magis
640 681 737 753 quam
765 655 899 729 delcetat·-

160 756 255 827 tionis
278 759 374 830 causa.
475 810 479 819 ·

211 858 285 927 Scio
307 856 477 948 equidem,
507 882 568 928 non
590 855 689 930 deelle
712 858 820 927 multae
842 883 899 928 au·

163 954 317 1027 &oritatis
337 956 459 1037 Viros,
494 960 551 1050 qui
577 985 616 1029 ex
645 956 743 1029 modo
764 953 898 1026 addueta

163 1053 246 1125 Celfi
270 1055 411 1152 Epistola
437 1059 628 1154 opinantur,
665 1058 765 1153 ipsum
791 1058 898 1125 animo

66 1157 72 1166 '
161 1151 195 1222 in
229 1152 347 1227 diversa
379 1153 480 1226 studia
513 1156 639 1234 diviso,
680 1159 792 1226 Graeca
816 1153 899 1226 dun·

103 1301 109 1311 .
162 1270 248 1323 taxat
280 1253 469 1326 medicinalia
504 1256 536 1325 in
573 1257 722 1326 Latinum
769 1279 899 1324 conver*

160 1349 253 1432 tille,
280 1379 334 1426 aut
357 1353 612 1451 Empedoclis&
643 1354 821 1426 Democriti
844 1378 900 1423 ex-

88 1512 91 1517 .
161 1455 267 1548 emplo
303 1481 366 1526 non
402 1476 440 1526 ut
474 1482 577 1527 merus
612 1476 705 1548 atque
741 1452 778 1524 ad
808 1478 899 1544 quae-

161 1549 246 1623 stum
267 1554 508 1647 Medicum-sed
530 1576 566 1626 ut
581 1555 761 1652 sapientem,
784 1573 898 1643 atque,

160 1670 198 1719 ut
233 1658 419 1725 Columellas
457 1656 561 1726 verbis
611 1676 704 1726 utar,
748 1652 897 1720 universae

160 1769 277 1837 naturae
309 1749 526 1843 prudentem,
554 1741 764 1816 ¹Medicinam
799 1748 898 1817 veluti

159 1842 371 1941 Philosophiae
406 1863 522 1938 partem
552 1868 625 1912 cum
657 1842 808 1940 sapientise
829 1841 897 1917 stu-

112 2014 116 2027 ,
159 1943 215 2016 dio
242 1941 443 2037 conjunxisse.
508 1941 657 2033 ,Ideoque
692 1940 896 2015 nec-fartam

158 2045 224 2131 ejus
252 2047 291 2113 ab
321 2043 491 2113 Aureliano
524 2042 734 2120 mentionem,
766 2041 897 2114 Barthio

158 2139 249 2212 Adv.
284 2143 341 2212 lib.
375 2141 430 2236 38.
458 2166 525 2239 cap.-
557 2169 587 2236 ς.
619 2141 768 2235 censente
823 2146 896 2213 Nec

155 2239 292 2332 denique
332 2234 472 2335 unquam
507 2239 679 2312 Medicinae
720 2256 894 2338 operatum.

158 2338 276 2411 Credat
320 2343 378 2432 qui
427 2342 522 2413 volet.
593 2346 665 2412 Nec
699 2364 766 2411 eam
807 2341 895 2411 litem

156 2463 257 2509 meam
286 2438 400 2511 facio(
437 2442 625 2514 Medicum
652 2440 734 2510 certe
765 2441 896 2534 agnovit

156 2563 286 2638 magnus
311 2540 442 2639 Scaliger
469 2540 508 2612 de
531 2549 585 2615 Re
609 2546 712 2611 Num.
738 2550 793 2635 3⁶·
825 2543 894 2611 Re·

84 2710 88 2715 ,
156 2639 258 2710 media
291 2638 447 2734 quidem,
476 2640 741 2743 Hippocratis&
780 2638 894 2709 Galeni

155 2742 332 2831 exemplo,
370 2738 492 2815 aliunde
531 2738 675 2837 congesta
716 2732 893 2836 digeffille‚

153 2837 241 2909 ultro
277 2841 414 2936 largior,
451 2843 547 2942 ipsam
582 2839 662 2912 vero
694 2835 893 2909 Morborum

155 2937 313 3026 τέκμαρσιν
352 2944 388 3008 &
426 2947 581 3034 θεραπείαν
616 2938 747 3035 proprio
777 2934 893 3107 iggegii

814 3058 835 3106 u
871 3059 892 3105 u
