1882 3502
104 231 245 316 AURI‘
260 238 421 317 CORN.
446 242 584 316 CELSI
609 250 750 320 VITA.

49 343 176 413 Aurelii
181 345 300 412 Corneli
306 346 378 435 Celfi
380 339 416 412 de
423 349 466 411 Re
471 345 600 414 Medica
612 350 702 418 Wll.
712 345 799 418 Libra

48 439 272 514 eruditissima·
323 442 472 540 Vulgatae
500 444 724 541 Lugdunenses
757 473 797 519 o·

50 565 157 621 mnes,
171 548 218 613 ·&
236 539 408 638 Leydensrs
434 538 606 614 modestius
634 541 699 615 fine
717 508 821 642 pha-l

51 641 150 712 lerato
163 644 312 713 encomio
327 646 372 714 A.
388 647 431 713 C.
449 647 492 712 C.
509 645 555 713 D.
570 645 625 713 Μ.
640 645 683 716 L.
693 650 797 717 Vm.

55 742 193 812 Horum
214 741 349 838 priorem
369 739 469 830 Caius
486 737 534 812 fic
554 744 709 813 mutavit:
725 749 798 813 Are-

54 843 119 909 telis
148 843 270 910 Cornelii
296 843 368 933 Cesst
390 847 519 910 Romani
545 842 581 911 de
596 848 647 911 'Re
672 843 796 912 Medica
851 919 854 921 ,

54 937 143 1010 Ltbb.
172 945 267 1012 Vm.
288 939 467 1037 pereruditi.
498 943 546 1013 H.
570 935 744 1038 Stephanus
764 944 798 1014 in

56 1037 113 1109 suo
151 1064 241 1110 exem
266 1040 319 1110 lari
353 1041 470 1111 caeteris
503 1039 681 1135 Medicinae'
711 1041 800 1112 Prin·

56 1062 666 1335 reuniritritanu
689 1135 799 1309 llll·

60 1341 152 1408 Vett.
182 1336 347 1408 Codicum
377 1341 457 1407 MS.
486 1338 686 1407 autoritatem
712 1336 799 1407 secu-

61 1454 137 1514 tus,
165 1437 287 1528 quibus
316 1437 502 1506 communisv
517 1431 587 1503 hac
614 1434 799 1528 inscriptio:

60 1540 105 1604 A.
115 1539 235 1620 Cornelii
251 1536 323 1626 celst
333 1540 461 1603 Artium
476 1530 565 1600 Liber
577 1539 632 1602 VI.
647 1529 741 1604 Nihil
754 1552 802 1602 ta·

62 1656 133 1709 men
166 1631 220 1706 hic
257 1648 373 1730 ptaeter
403 1627 569 1701 confilium
599 1636 634 1702 δι
669 1655 734 1701 rem
762 1631 801 1702 ab

42 1731 110 1803 ¹illo
142 1732 260 1803 temere
288 1722 423 1802 saelum.
471 1730 603 1800 Patriam
629 1730 713 1801 enim
734 1723 799 1803 five
856 1756 862 1766 ·
931 1817 937 1827 ,

62 1836 171 1902 Autor
198 1831 262 1929 ipse
291 1830 356 1903 five
383 1831 458 1902 alius
473 1829 639 1927 quispiam
666 1825 797 1902 addidea

60 1929 118 2005 rit,
146 1929 180 2001 id
207 1930 301 2020 certe⁴
318 1953 383 2000 non
404 1947 485 2000 caret
507 1927 671 2000 vetustatis
689 1952 797 2000 exem·

61 2031 136 2126 plo,
159 2027 357 2124 potissrmum
378 2024 462 2122 apud
482 2031 632 2107 Graecos,
646 2052 729 2121 quos
749 2028 799 2097 in·

61 2147 110 2199 ter
134 2129 242 2200 Celsus
260 2125 329 2199 'sibi
357 2133 561 2225 Hippocretem
588 2133 680 2197 Coum
702 2127 799 2222 inpri⁶

62 2228 122 2298 mis
150 2225 339 2299 imitandum
360 2229 546 2324 proposuit,
580 2226 670 2315 cujus
703 2227 798 2314 etiarn

61 2329 211 2423 pleraque
247 2351 314 2398 non
345 2325 508 2399 infeliciter
540 2327 657 2396 Latino
683 2323 799 2395 sermo-

63 2447 99 2497 ue
128 2421 286 2507 reddidit,
306 2425 392 2497 suam
412 2426 475 2523 ipse
495 2422 622 2496 testatus
642 2424 674 2493 in
693 2420 799 2519 Epist.
914 2460 917 2466 ·

62 2521 99 2596 ad
122 2525 253 2596 Pullum
279 2523 448 2603 Natalem,
473 2523 506 2594 in
525 2521 589 2594 hoc
617 2519 799 2593 studiorum
919 2557 921 2562 Α

66 2648 177 2722 genere
219 2622 445 2723 diligentiam,
488 2621 584 2717 longe
625 2619 822 2690 accuratim

66 2745 151 2799 rem,
194 2747 293 2818 quam
329 2723 435 2820 Largii
463 2715 669 2816 designationi
688 2761 701 2805 ,
719 2747 723 2755 ·
740 2715 800 2808 qui

66 2821 209 2920 Epistold
223 2818 270 2893 ad·
287 2820 375 2894 filios-
386 2823 413 2894 se
425 2815 517 2891 fuisse
530 2814 709 2908 liberiorem
724 2806 801 2886 fat‘e-
900 2848 902 2854 ·

63 2936 147 3006 tur,
191 2917 471 3024 quemadmodum
511 2933 638 3015 nonore
679 2919 803 3031 Coma·

766 3043 820 3102 no
894 3084 900 3092 .
