2088 3708
288 251 312 305 4
450 231 484 284 Α.
503 229 758 288 ConnCrrsr
845 229 893 288 Lib
915 250 948 292 ι.

296 349 357 388 nem
381 346 424 385 ma
445 346 477 384 na
499 346 533 384 ex
556 346 625 402 parte
647 328 765 386 mutarit.
798 331 850 398 „Er
873 332 948 403 euius

297 346 474 466 ncceibriius
499 403 647 464 Themison
683 425 764 483 nuper
794 408 847 484 ipse
875 427 947 484 quo·

298 503 349 563 que
363 484 483 561 quaedam
503 484 530 539 irr
556 483 680 542 senectute
702 483 816 540 deflexit.
853 487 884 542 Er
899 504 949 562 pet

202 581 245 622 rr,
262 579 286 625 7·
298 559 348 620 hos
362 561 469 638 quidem
487 562 606 620 mar'ime
616 561 686 618 viros
699 559 812 618 salutaris
825 560 873 620 ista
895 582 950 620 no·

298 635 339 700 bis
358 635 478 714 profeffro
492 639 604 696 increvit.
628 635 630 642 ’
968 672 980 723 5
1038 683 1039 696 t

341 716 478 790 Quoniam
513 733 600 774 autent
633 733 667 772 ex
696 715 776 773 tribus
812 715 953 776 medicinae

299 795 437 874 parribus,
468 809 495 850 ut
510 791 666 852 difficillima
682 829 692 858 ‚
711 791 831 852 ficetiam
844 794 953 852 clariffi-
1038 819 1039 858 ι

300 892 346 932 rna
363 871 400 929 est
411 891 458 936 ea,
479 869 651 948 quaemorbis
659 868 792 936 medetur,
812 889 872 928 ante
885 891 952 935 ont-
1038 859 1039 922 i

301 946 642 1008 niadehacdicendumest.
679 949 733 1011 Et,
754 948 951 1024 quiaprirnain
1038 931 1039 998 i

302 1047 332 1086 ea
345 1023 463 1085 dissensro
477 1022 530 1090 cst,
551 1023 623 1102 quod
636 1023 681 1080 alii
695 1023 742 1084 fibi
753 1043 949 1100 experimento·
969 1045 1004 1085 ra

245 1133 247 1140 ¹
302 1125 363 1163 rum
384 1103 570 1163 tantummodo
594 1102 715 1162 notitiam
737 1096 897 1160 neceffariatn
913 1107 955 1162 es-

303 1181 327 1240 sc
340 1185 497 1242 contendunt
510 1202 518 1238 e
546 1181 591 1238 alii
607 1218 615 1246 ,
642 1176 690 1236 nili
701 1196 840 1256 corporum
850 1199 954 1240 reruni-

303 1279 354 1339 qne
363 1260 516 1318 naturalium
532 1259 630 1318 ratione
644 1274 776 1334 comperta
792 1293 802 1321 ‚
822 1276 877 1314 non
894 1257 955 1318 saris

303 1355 436 1416 potentem
467 1329 541 1394 uiitm
563 1331 611 1394 effe
636 1351 806 1412 proponunt:
835 1335 954 1394 indicati·

303 1415 369 1474 dum
382 1413 420 1475 est
435 1463 442 1488 ‚
461 1433 519 1494 quar
532 1414 651 1472 inarime
664 1431 697 1468 ex
710 1429 816 1489 utraque
830 1429 901 1488 parte
912 1414 954 1473 di·
969 1432 1002 1491 ις

303 1511 393 1555 eantur
410 1533 418 1561 ‚
449 1513 503 1572 quo
527 1487 626 1550 facilius
639 1487 726 1548 nostra
740 1507 846 1568 quoquc
859 1492 956 1568 opinio

304 1572 435 1650 interponi
467 1569 532 1629 offit.

340 1591 476 1710 linarii
499 1689 508 1716 ‚
544 1647 592 1724 qui
614 1645 766 1706 rationalem
794 1646 956 1706 medicinam

210 1799 212 1804 ι
236 1799 238 1801 ¹
308 1671 488 1807 proitenrur,
524 1724 579 1781 haec
613 1723 747 1782 necess'aria
779 1717 825 1783 effe
857 1743 957 1802 propu-

198 1800 201 1810 ’
308 1821 397 1860 nunt:
425 1801 581 1860 Abditarutn
599 1804 626 1856 &
641 1791 751 1874 morbos
765 1801 954 1860 continentium
973 1829 1009 1868 ω

307 1875 441 1937 cansarum
471 1876 619 1939 notitiam,
653 1873 747 1933 deinde
772 1878 960 1948 Evidentiurn,

271 2013 275 2020 ,
306 1949 367 2036 post
380 1951 434 2014 haec
444 1954 524 2014 etiarn
538 1951 704 2022 Naturalium
718 1955 854 2020 unionum
869 1995 879 2022 ,
907 1975 960 2016 no-

305 2029 406 2091 viffime
430 2033 545 2090 Patrium
570 2033 733 2102 interiorum.
769 2034 877 2096 Abditas
895 2054 960 2094 cau.

298 2105 345 2188 ¹sats
365 2126 480 2174 vocant,
507 2110 536 2167 in
566 2108 651 2168 uibus
663 2109 824 2188 requiritur,
851 2132 884 2170 ex
896 2117 962 2190 qui·

307 2187 355 2244 bus
371 2187 505 2266 principiis
519 2127 607 2246 noiira
621 2206 730 2267 corpora
745 2186 814 2253 stur,
844 2189 911 2268 quid
922 2189 959 2252 se·
977 2224 1009 2281 25

307 2263 447 2331 tundam,
476 2263 541 2342 quid
570 2264 703 2325 adversam
724 2265 897 2326 valetudinem
921 2267 961 2328 fa·

213 2358 240 2398 s,
259 2354 296 2390 ¹0·
308 2343 368 2402 ciat.
402 2343 577 2421 Nequeenitn
592 2343 713 2408 credunt,
733 2338 869 2420 poffeeurn
878 2343 960 2414 scire,

212 2417 251 2460 ³²2
311 2419 450 2497 quomodo
477 2420 590 2480 morbos.
607 2441 694 2492 curare
713 2421 872 2487 conveniat,
892 2426 962 2500 qui,

161 2539 163 2545 -
208 2477 381 2590 fflzssunde
394 2497 422 2556 hi
436 2497 500 2564 fint,
519 2495 657 2580 b'ignoret
680 2491 961 2576 Nequeeffedubiurn,
1038 2507 1039 2572 i

312 2579 377 2656 quin
393 2577 443 2635 alia
458 2575 589 2634 curatione
603 2594 671 2653 opus
686 2575 738 2640 sir,
768 2573 833 2633 fier
848 2595 964 2652 quatuor
979 2607 1013 2666 30
1038 2583 1039 2640 f

311 2655 448 2734 principiis
467 2653 507 2711 vei
527 2651 648 2788 superans
668 2651 768 2732 aliquid
784 2653 824 2711 tel
838 2652 968 2720 deficiens,

307 2733 441 2792 adversans
468 2730 550 2790 vaietu
571 2731 641 2788 inem
664 2749 730 2790 creat
753 2755 761 2795 ς
797 2747 824 2788 ιιι
846 2731 962 2808 quidam

307 2831 341 2870 ex
370 2811 500 2887 sapientise
524 2805 704 2885 professoribus
718 2808 858 2869 dixerunt:
886 2809 961 2879 alia,
1020 2875 1023 2882 .

305 2885 327 2948 ri
354 2888 382 2944 in
405 2886 522 2946 humidis
539 2903 621 2946 omne
641 2887 736 2950 uitium
751 2881 789 2944 est
810 2911 819 2954 ς
855 2889 958 2949 utHe-

726 2978 731 2984 ·
912 2984 962 3024 ro·

338 3098 410 3150 hDe
421 3098 508 3150 nasib.
525 3113 564 3157 u.
580 3117 603 3164 ι.
622 3118 650 3169 4„
671 3100 768 3166 ΝΜ,
790 3103 820 3160 ud
840 3101 958 3170 Hippou.
1038 3165 1039 3168 Ἴ

306 3159 553 3229 Epidau-papum·
840 3185 842 3192 ’
