1882 3502
670 68 687 97 n

228 233 263 285 ³4
386 209 422 264 A.
439 207 554 264 Cortu.
574 207 689 264 Crrsr
775 201 870 265 Eur.

227 308 325 368 meritis
346 307 449 384 prodire
465 326 566 387 oportet
582 345 591 374 ,
622 306 801 387 praecipueque
814 304 870 362 die-³

226 389 274 446 bus
298 383 500 464 frigidioribus,
534 397 616 464 oeq'ue
639 384 772 442 subdivo
794 383 873 442 nouo

228 463 362 527 dormire,
380 482 423 535 aut
438 484 502 523 cette
515 463 581 522 bene
591 463 699 541 operiri.
734 461 873 521 Cibovero

228 536 281 616 jam
299 539 375 617 paulo
389 539 405 588 b
421 543 535 618 pleniore
547 545 583 600 uti
598 543 675 608 licet;
694 541 802 605 minus,
822 539 874 606 sed,

230 620 356 676 meracius
381 617 478 677 bibere.
515 623 598 678 Poma
619 637 632 670 c
652 638 744 677 nocere
765 618 897 701 quidatn5

231 714 322 775 putant
337 734 346 761 ‚
374 714 431 773 qtrae
441 697 587 756 immodice
601 715 656 755 toto
666 698 709 755 die
724 695 877 774 plerumque

232 772 266 832 fic
283 771 442 832 allumuntur
455 804 465 842 ,·
492 793 519 832 ut
533 793 566 832 rte
579 775 644 855 quid
653 796 685 833 er
695 773 811 832 deofiore
819 774 879 831 cibo

234 853 386 910 remittatur.
405 855 443 909 lta
454 853 587 919 nonhaec,
608 854 648 911 secl
661 852 879 910 dconsumrnatio

234 932 359 988 omnium
379 949 462 988 nocet.
498 934 539 989 Ex
553 932 648 1010 quibus
662 933 689 989 itt
705 930 778 986 nullo
791 948 879 986 tamen

237 1010 344 1074 minus,
358 1026 439 1085 quam
449 1011 474 1064 in
485 1007 659 1067 hisnoraest.
678 1007 726 1067 Sed
734 1005 775 1065 his
783 1009 819 1064 uti
828 1025 882 1062 nort
893 1009 924 1051 ¹0

238 1086 348 1161 saepius,
368 1103 448 1163 quam
463 1087 515 1144 alio
530 1090 589 1146 cibo
603 1089 732 1145 convenit.
761 1087 884 1164 Denique

151 1178 156 1189 ·
239 1163 339 1229 aliquid
356 1163 467 1221 dendori
482 1165 559 1233 cibo,
579 1185 639 1222 cum
655 1163 698 1223 hic
708 1162 821 1228 accedit,
841 1182 886 1218 tie·

238 1241 370 1302 cellarium
393 1238 430 1298 est
454 1241 536 1302 demi.
571 1244 666 1320 Neque
680 1267 693 1302 e
709 1238 794 1301 allate
806 1260 885 1304 veto,

240 1341 324 1402 neque
344 1339 471 1378 autumno
493 1322 562 1380 utilis
576 1340 654 1379 tetius
667 1318 713 1380 est.
749 1318 887 1376 Tolerabi-

240 1400 290 1476 lior
313 1417 402 1458 tamen
424 1417 468 1476 pcr
490 1412 669 1458 autumnum:
695 1396 778 1457 aestate
795 1399 823 1455 iu
845 1413 889 1454 to·
902 1396 932 1452 ll

188 1489 190 1493 ’
240 1495 315 1544 turn,
335 1475 424 1537 silleri
441 1477 524 1554 potest
532 1500 544 1544 ,·
560 1476 742 1537 abstinendum
757 1472 807 1534 esta

463 1587 532 1654 Cir,
550 1606 575 1646 u.
611 1590 669 1648 IV.

323 1689 362 1744 Dt
376 1683 429 1746 hir,
451 1680 539 1757 quibus
549 1687 630 1757 Caput
643 1681 760 1756 infirmum
773 1679 815 1751 cll.

306 1768 570 1832 Roxrrruroest,
597 1767 826 1824 urdeltisdicam
845 1775 932 1849 quir

245 1781 390 1924 pparres
421 1841 522 1917 aliquas
545 1843 661 1917 corporis
682 1841 822 1902 imbecillas
845 1847 895 1908 ha.

247 1927 318 1987 beut.
353 1920 406 1980 Cui
426 1935 502 1995 caput
523 1917 660 1977 infirmum
678 1915 740 1986 cst,
777 1921 896 1985 issrbe.

249 2024 283 2063 tre
296 1998 432 2062 concoxit,
453 1997 541 2056 leniter
555 1995 688 2074 perfricare
704 1999 731 2056 id
748 2018 826 2058 mane
836 2022 895 2063 tna.

248 2079 325 2138 nibus
339 2074 390 2135 suls
403 2071 476 2131 debet
490 2100 499 2142 t
527 2090 662 2153 nunquam
678 2075 724 2143 id,
744 2075 829 2136 filieti
846 2100 895 2157 po.

248 2156 296 2214 rell
312 2193 321 2220 ,
348 2148 415 2212 teste
428 2150 510 2212 telate
525 2191 535 2218 ,
563 2171 606 2211 aut
620 2152 654 2212 ad
668 2172 752 2214 cutem
767 2156 893 2218 tondere:
909 2173 939 2212 2·

249 2235 362 2308 utileque
382 2231 472 2288 lunam
490 2232 619 2298 avitare,
652 2237 823 2309 maximeque
836 2254 896 2295 aure

250 2311 336 2389 ipsum
360 2310 427 2366 ltrrtae
450 2308 560 2387 lolit'que
574 2312 748 2370 concursum:
777 2311 818 2369 sed
834 2315 895 2371 nus-

272 2409 333 2447 uam
361 2384 418 2464 post
439 2385 527 2444 cibum
546 2387 676 2469 progredi.
711 2393 738 2448 Si
751 2391 793 2448 cui
808 2392 896 2466 capilli

251 2409 328 2532 dunt,
349 2483 394 2523 eor
405 2463 521 2542 quotidie
537 2465 652 2543 pedere:
674 2469 786 2526 multum
801 2467 896 2526 ambu-

177 2544 179 2548 ’
252 2546 321 2612 larc3
342 2545 401 2608 sed,
422 2540 528 2607 silicet,
548 2562 631 2619 ireque
645 2543 690 2602 sub
706 2546 791 2611 retro,
811 2564 896 2622 neque
910 2561 939 2620 3⁸

253 2625 281 2681 in
299 2623 363 2681 sole:
384 2623 471 2698 utique
483 2638 570 2678 autem
585 2624 664 2680 vitare
678 2621 738 2681 solis
752 2621 895 2689 ardorem,

252 2702 424 2776 maximeque
448 2696 505 2775 post
520 2701 609 2758 cibum
623 2706 650 2758 δι
664 2702 755 2759 virtum
770 2723 777 2758 :
810 2702 897 2776 potius

252 2782 334 2860 ungi,
353 2793 436 2855 quam
452 2777 529 2834 lavari
543 2805 551 2845 t
571 2798 706 2856 nunquam
714 2778 747 2835 ad
754 2777 897 2837 flammatu

253 2858 318 2937 ungi
327 2868 346 2922 .·
356 2852 486 2912 interdum
500 2855 533 2912 ad
546 2872 668 2935 prunam.
703 2857 764 2914 Siiu
773 2854 900 2914 balneum

807 2953 896 3000 vetur,

286 3006 303 3055 b
315 3013 352 3058 De
363 3004 451 3056 salubr.
462 3008 531 3057 Diaet.
539 3018 610 3066 ms.
623 3009 752 3074 offiginet.
768 3029 794 3060 r.¹
807 3028 845 3071 53.
864 3011 902 3061 tle'

254 3067 340 3119 Affest.
355 3075 383 3118 L.
399 3085 421 3116 r.
434 3087 457 3124 ς.
478 3069 599 3134 ἀΑρΙιοκ.
611 3082 648 3119 t't.
665 3088 703 3130 51·
718 3073 851 3124 deluatur.
861 3084 893 3123 rt.

190 3140 192 3145 ’
250 3147 309 3186 rrt.
318 3154 344 3193 9.
360 3132 567 3186 cruciamento.
575 3151 598 3190 t.
607 3135 688 3187 Sum.
695 3146 814 3193 rum.
824 3139 900 3188 arlo·

226 3196 522 3258 commutantia<
