1882 3502
198 194 237 261 26
361 192 395 253 Α.
414 196 533 256 Cortu.
553 165 668 254 Curat
742 196 800 254 lib.
824 216 845 267 r,

123 297 125 300 ’
194 296 310 352 nimium
326 293 402 352 alicui
420 292 531 372 fatigato
548 313 612 372 pene
628 289 770 358 febrisest‚
791 292 847 354 huit

192 372 295 431 abunde
309 368 363 435 est,
384 373 443 430 loeo
464 371 554 448 tepido
573 373 706 429 demittere
722 371 745 428 se
763 374 845 451 inqui·

192 449 270 512 uibus
284 466 356 506 tenus
372 451 399 506 in
416 471 513 528 aquam
529 449 642 508 calidam
654 457 668 514 ,‘
683 451 724 506 eui
740 443 846 526 paulurn

191 526 244 585 olei
267 525 398 602 adjestum
424 528 475 586 fit:
505 528 600 586 deinde
630 542 715 584 torum
738 528 845 605 quidem

137 668 140 673 Δ
189 623 306 682 corpus,
335 609 454 664 maxime
469 624 557 664 tamen
577 625 621 663 eas
634 622 717 684 partes
739 610 804 683 quae*
820 611 866 679 iu5

188 700 256 760 atqua¹
277 683 403 749 fuerunt,
433 685 523 743 leniter
543 682 679 760 perfricare
700 702 733 740 ex
760 685 844 753 oleo,

187 763 229 817 cui
249 763 340 820 vinum
359 770 386 820 &
405 763 511 839 paulum
528 764 631 830 contriti
649 760 705 820 selis
727 758 761 818 srr
774 763 845 834 adje-

186 837 271 896 stum.
310 838 371 896 Post
386 837 463 909 hate,
484 840 610 900 omnibus
625 837 736 919 fatigatis
749 858 842 917 aptum

187 912 225 972 est
243 963 250 986 ‚
279 916 368 975 cibum
385 917 506 984 sumere,
532 938 616 995 eoque
639 916 755 974 humido
780 922 818 976 uti
835 947 843 987 ς

188 1011 282 1070 aqua,
310 996 348 1053 vei
365 1013 429 1059 certe
449 997 530 1056 diluta
551 1000 658 1075 potione
676 989 725 1067 effe
737 1013 843 1054 conten·
855 1018 877 1056 rr

188 1081 229 1128 tos
245 1100 253 1142 3
281 1075 452 1152 maximeque
468 1095 515 1142 ta,
536 1094 593 1153 quat
608 1090 712 1132 moveat
726 1075 842 1133 utinam.

188 1149 256 1206 Illud
272 1172 377 1230 quoque
391 1150 463 1210 noffe
474 1169 593 1230 oportet,
620 1151 691 1229 quod
707 1170 740 1212 ex
756 1151 843 1211 labore

188 1225 289 1288 sudanti
321 1229 423 1311 frigida:
446 1237 520 1307 potio
547 1226 759 1308 peruiciosrffim'a
780 1230 840 1289 est:

94 1364 96 1370 ,
122 1335 129 1352 ·
186 1312 381 1385 atqueetiam,
413 1327 473 1367 tum
498 1309 576 1368 sudor
600 1305 722 1371 remim,
751 1308 842 1366 itinere

133 1443 137 1452 ,
185 1382 299 1467 fatigatis
322 1381 431 1446 inutilis.
465 1393 489 1446 Α
504 1389 598 1446 baiueo
614 1404 720 1465 quoque
735 1387 840 1443 venien·
854 1404 877 1461 15

99 1539 101 1541 ‚
185 1463 254 1524 tibus¹
278 1466 441 1546 Asclepiades
462 1468 581 1530 inutilem
614 1485 674 1522 eam
708 1461 841 1536 judicavit.

184 1543 268 1618 Quod
285 1547 311 1602 in
327 1546 368 1603 his
384 1558 476 1603 rerum
491 1543 546 1610 est,
566 1544 660 1624 quibus
668 1541 739 1600 alvus
754 1539 839 1607 facile,

182 1638 231 1678 nec
247 1641 323 1687 tuto,
343 1624 420 1682 result
426 1628 495 1691 itur,
515 1625 614 1703 quique
627 1614 839 1680 facileiuhotres·

182 1717 265 1756 cunt:
299 1720 453 1776 perpetuum
481 1704 509 1756 in
539 1698 669 1757 ‚omnibus
694 1714 748 1750 που
774 1693 839 1764 est,

180 1793 243 1829 cum
264 1776 351 1849 potius
366 1777 480 1830 naturaie
505 1773 534 1827 fit
552 1810 560 1834 ‚
593 1775 701 1847 potione
726 1766 839 1827 aestuart-
853 1795 877 1834 2«

181 1865 235 1903 tem
279 1847 446 1906 stomachum
490 1845 660 1924 refrigerati,
694 1841 836 1923 {rigentem

180 1924 301 1986 calefieri.
337 1925 420 1999 Quod
432 1927 467 1984 ita
479 1925 621 2003 ptaeeipio,
649 1940 676 1980 ut
691 1937 779 1980 tamen
795 1923 836 1983 fa-

179 2020 250 2078 tear,
271 2026 305 2062 ne
316 2025 347 2058 et
367 2004 414 2060 hae
428 2005 537 2080 quidem
552 1999 732 2060 eausasudauti
748 2000 836 2065 adhuc

178 2078 304 2157 frigidam
325 2076 467 2153 bibendam
491 2077 547 2138 effe.
586 2081 654 2138 Solet
669 2080 748 2137 etiam
772 2099 835 2154 pro-

179 2156 269 2226 desse,
298 2158 356 2237 post
372 2161 473 2218 varium
495 2157 585 2217 eibum
602 2199 611 2227 ,
639 2155 835 2236 frequentesque
848 2187 877 2242 2!

156 2280 157 2284 =
175 2233 275 2297 'dilutas
298 2238 440 2314 potiones,
467 2240 599 2304 vomitus,
626 2233 773 2314 &postero
789 2238 832 2297 die

177 2319 222 2375 ion
244 2337 257 2374 a
273 2317 365 2394 quies,
386 2314 480 2378 deiude
495 2314 599 2374 modica
613 2315 770 2374 exercitatio.
804 2320 831 2376 Si

178 2338 273 2454 affiffua
289 2393 405 2451 oscitatio
423 2413 518 2474 urget,·
533 2397 642 2463 inuicem
653 2394 830 2469 modoaqua‚

178 2475 263 2538 modo
277 2474 369 2530 vinum
386 2472 529 2531 bibendum
539 2469 592 2537 est,
614 2492 723 2550 raroque
738 2470 831 2529 baineo

176 2554 314 2612 utendum.
350 2552 478 2628 Levatque
498 2549 669 2608 laffitudiuem
690 2552 769 2607 eriam
795 2551 832 2626 ia7
845 2573 877 2629 30

177 2631 249 2690 boris
267 2632 394 2691 mutatio:
415 2649 552 2708 eumque,
580 2647 659 2707 quem
676 2647 830 2706 novunrge-

178 2731 227 2769 nus
240 2708 369 2782 cuiusdam
386 2707 480 2766 laboris
496 2705 604 2784 prefftr‚
631 2706 675 2771 id,
705 2705 777 2784 quod
801 2709 829 2763 in

117 2793 120 2800 '
177 2789 360 2846 cousuetudine
385 2784 446 2853 est,
473 2783 561 2844 reficit.
605 2787 722 2863 Fatigato
742 2788 829 2856 quoti·

177 2866 286 2937 diarium
302 2865 385 2924 cubile
399 2865 416 2915 d
438 2863 592 2942 tutissrmum
607 2862 644 2932 est
661 2885 669 2940 ς
693 2859 828 2920 insolitum

765 2960 828 2999 cort·

209 3077 416 3151 pophptuoer,
