1882 3502
227 110 359 188 oum
385 110 544 181 CORN.
567 109 706 183 CELSI
729 111 870 187 VITA.

177 213 350 312 Subiungit
386 204 569 306 Polyhistor
608 211 738 281 Italusa
786 214 847 282 Ad
872 237 923 283 nos

177 331 295 388 tartum
331 313 393 406 ejus
415 308 582 378 ‘Medicina
615 319 746 406 pervenit
781 314 919 382 oratorio

175 433 257 484 more
277 413 437 522 cpnscrr'pta.
467 405 549 534 ASed
567 412 601 476 δε
620 405 768 522 quedam
788 407 920 484 Rheto-

175 504 483 683 iiiidioeluictriiiiiiia
516 514 938 684 eimtiiii.81iidteriniiiidi'

175 731 308 804 quoque
334 701 555 803 ,conscripsisse
603 725 694 778 autor
715 705 780 778 est
823 711 917 780 Mer·

174 808 296 881 curialis
320 805 377 878 lib.
405 833 442 902 4.
470 829 538 901 cap.
565 829 598 876 2.
617 813 652 877 δι
678 803 762 879 Phil.
784 805 914 904 Ingraffi

175 903 300 998 Qaest.
334 904 374 977 de
409 905 588 980 Veterinar.
616 929 683 1003 cap.
718 931 755 995 9.
790 907 916 979 Herba.

31 1063 37 1070 .
173 1005 259 1081 rium
304 1005 383 1077 verd
430 1003 459 1074 ei
509 999 732 1101 adscriptum,
781 1007 913 1100 Apuleji

172 1106 280 1202 potius
315 1100 415 1177 eredit
452 1101 485 1172 in
520 1102 585 1173 vita
623 1103 753 1202 Apuleji
781 1105 912 1178 Elmen-

170 1203 318 1279 horstius.
368 1201 490 1300 lulium
525 1199 657 1296 quidem
694 1202 822 1301 Celsum
862 1205 913 1276 in-

170 1325 218 1377 ter
239 1306 282 1378 rei
301 1303 442 1376 militaris
461 1301 630 1399 Scriptores
644 1322 802 1374 enumerat
817 1306 910 1376 Rob.

118 1480 120 1485 ,
169 1406 296 1479 Valtur.
349 1398 621 1497 quemadmodum
661 1400 736 1473 huic'
772 1401 790 1471 d
828 1426 911 1475 non·

47 1518 49 1522 ”
169 1505 261 1578 nullis
282 1499 430 1598 adscripta
457 1501 528 1571 sunt
545 1501 626 1598 Julii
650 1502 779 1571 Caesaris
804 1506 909 1572 Com·

55 1670 59 1677 ,
169 1602 327 1674 mentaria.
398 1601 453 1664 De
510 1597 626 1686 quibus
675 1615 777 1664 tamen
826 1596 908 1671 nihil

167 1699 241 1770 veri
282 1691 411 1766 constat.
467 1691 560 1763 Varia
606 1691 672 1760 sane
690 1684 767 1780 ¹ejus
784 1694 909 1768 erudi.

115 1849 116 1853 =
169 1799 217 1870 tio
254 1791 338 1866 aliud
374 1786 504 1888 prodere
550 1813 612 1860 non
655 1788 757 1887 potest
804 1819 903 1886 quam

61 1982 63 1986 λ
169 1897 288 1970 Virum
319 1888 452 1989 ingenui
495 1906 627 1966 natum,
666 1915 777 1990 magna
811 1891 904 1968 seculi

167 1993 343 2069 felicitate,
392 1984 482 2082 quod
543 1987 697 2060 bonarum
744 1990 903 2068 literarum

166 2111 230 2166 erat
257 2083 487 2160 feraciffimum.
537 2091 676 2186 Excepit
707 2114 819 2190 nempe
846 2119 903 2165 co·

169 2191 293 2284 luitque
328 2214 361 2260 ea
395 2206 466 2257 aetas
509 2185 605 2259 Viros
640 2189 786 2271 sciendi,
826 2215 902 2289 pru.

165 2289 292 2363 dentiai,
338 2313 372 2358 ac
405 2286 581 2381 eloquentid
617 2288 781 2372 summos,
816 2291 900 2364 Tul·

163 2390 274 2465 lium,
313 2385 511 2462 Salustium,
556 2388 747 2475 Catullum,
790 2391 900 2489 Virgi.

162 2490 243 2561 lium
255 2543 267 2579 ,
294 2485 515 2586 Propertium,
539 2488 750 2568 Horatium,
781 2490 900 2561 Tibul·

91 2666 93 2669 ,
162 2587 257 2669 lum,
293 2587 496 2675 Manilium,
533 2586 723 2659 Vitruvium
743 2631 755 2667 ‚
774 2592 899 2661 ‘Anto-

160 2690 251 2760 nium
292 2687 452 2764 Musam,
494 2683 688 2767 Ovidium,
735 2685 899 2769 Livium,

160 2783 368 2860 Scribonium
388 2789 553 2888 gorgiam,
590 2785 753 2860 Valerium
785 2786 897 2858 Maxi·

786 2909 893 2968 mum,
