1882 3502
73 249 177 316 num]
214 244 310 312 celtu
352 246 471 317 restitit,
489 255 518 315 dt
531 273 573 314 res
584 254 712 317 faciendae
732 258 818 318 rnedi-⁸

72 334 142 391 cinae
160 328 239 388 utiles
257 347 290 388 ac
308 265 398 401 susum
416 333 569 391 necessarias
588 335 627 392 ita
640 333 778 413 ingeniose
787 354 821 394 ac

71 409 216 489 diligenter
235 423 270 463 ex
287 407 403 496 antiquis
415 407 510 497 elegit,
524 410 561 467 ita
574 430 622 489 per
633 426 720 487 partes
731 410 819 488 diges-

72 485 120 554 fit,
140 483 240 563 hasque
264 481 332 561 ipsas
355 501 478 543 innexuit
501 487 570 546 inter
594 487 636 554 se,
654 503 686 546 ut
702 487 745 547 vel
763 492 819 548 Re·

72 562 208 620 centiores
226 560 298 619 inter
309 561 514 631 non'novcrim,
534 581 617 641 quem
628 562 676 639 ipsi
681 565 746 640 jure
750 563 818 700 po(

69 640 107 715 fis
132 651 305 716 anteponere.
342 637 440 717 Neque
456 639 489 696 ad
507 657 568 697 eam
594 639 700 698 laudem
720 661 749 698 re
760 655 816 711 ert,

10 706 14 769 i
72 715 202 776 sermone
226 728 350 782 tantum,
368 733 403 772 an
428 716 511 775 etiam
530 735 612 794 opere
630 716 712 775 fuerit
730 717 818 776 medi·

72 810 132 852 cns.
169 791 197 847 si
210 791 285 848 enim
304 792 379 849 coire
390 793 436 851 ista
449 791 554 871 semper
568 793 670 851 necesse
682 794 734 862 est,
747 814 818 873 quo·

72 866 233 946 tusquisque
270 865 352 925 hodie
381 869 502 926 medicus
535 871 595 928 est?
628 869 817 929 Cathcdrarioa

72 943 470 1082 ffisvriqsmqqqqae
493 946 635 1082 sisti?
655 945 817 1081 si‘issmiiss

73 1117 124 1177 per
148 1041 340 1161 anuinium,
359 1117 453 1188 quam·
465 1065 568 1158 'vocant
593 1067 659 1188 ve’ri·
676 1042 817 1189 sclrutatio·

74 1182 535 1329 ncqqttqaqgeqrgi‚qglgstqqgsqqqquptq
552 1177 819 1330 ῗσςέἒὲιέαῐῖἶῃιξιῗτῒ·

74 1327 125 1386 bos
149 1346 207 1384 non
231 1326 401 1404 eloquentia,
427 1328 470 1386 sed
502 1331 628 1386 remediis
654 1327 763 1387 curari,
788 1341 820 1386 ut

73 1403 182 1482 populo
202 1403 337 1482 placeant,
364 1422 399 1462 ex
424 1424 480 1481 quo
504 1405 547 1461 ille
567 1405 658 1478 major
675 1402 728 1469 est,
747 1399 819 1469 suffi-
935 1460 940 1466 ,

74 1499 137 1538 cere
164 1481 277 1538 credunt
302 1477 403 1539 secreta
425 1480 527 1554 jactare
553 1485 580 1540 ὃ(
600 1480 642 1536 his
662 1492 821 1537 curatorum

75 1555 173 1634 longas
189 1556 321 1615 ostentare
333 1556 449 1615 tabellas.
486 1557 664 1633 Hippocrates
683 1559 756 1612 ce'rte
770 1574 820 1631 pro
903 1575 906 1581 ·

76 1633 192 1690 Medicis
213 1632 317 1700 habet,
344 1629 391 1711 qui
419 1651 510 1688 veram
535 1633 598 1691 artis
624 1630 671 1689 fibi
689 1631 820 1708 cognitio·

76 1728 141 1843 pem
156 1722 369 1846 8ctorgplqpa‘urunt:
389 1707 433 1768 sed
454 1708 597 1766 transferre
615 1709 649 1767 ad
670 1702 820 1842 qsunqsua-

94 1801 136 1855 et,
297 1807 327 1843 m
346 1805 458 1852 eorum,
498 1805 598 1844 uorum
636 1799 736 1844 ratrae
778 1803 820 1842 tn·

76 1876 164 1921 venta
200 1866 332 1939 Saperene
355 1805 497 1941 putandusq
515 1864 573 1932 est,
598 1805 646 1941 qiu
678 1863 818 1920 lucernam

79 1939 221 2006 accendit,
247 1943 275 1998 dt
298 1937 387 1998 subter
411 1939 538 1997 modium
562 1941 657 2018 ponit?
683 1939 769 2015 Sapit,
789 1943 818 1998 dc

78 2013 145 2074 bene
163 2014 199 2072 de
218 2014 247 2074 se
262 2034 293 2074 ac
344 2017 441 2075 urimo
459 2031 592 2076 meretur.
610 2017 658 2094 qui
677 2013 818 2073 accensam
834 2044 836 2049 ·

78 2091 201 2169 imponit
214 2091 319 2150 candela
335 2112 382 2161 ro,
394 2106 426 2151 ut
437 2091 548 2152 alluceat
559 2092 684 2151 omnibus
715 2092 744 2148 ui
759 2092 826 2159 sunt·

78 2167 106 2225 in
119 2168 220 2226 domo.
254 2169 391 2227 Caeterum
405 2168 458 2228 hoc
470 2169 591 2227 dubitare
602 2169 636 2225 de
650 2112 729 2227 Celso
745 2167 821 2224 dodti

78 2243 189 2312 solent,
212 2241 326 2303 fueritne
355 2246 384 2303 in
408 2244 532 2324 operibus
554 2245 628 2304 Artis
653 2244 823 2303 exercitatus.

79 2323 144 2399 Qo
157 2320 195 2378 de
204 2321 268 2399 quia
279 2338 370 2378 meam
384 2320 526 2399 aliquando
537 2321 695 2379 sententiam
709 2320 822 2407 rogasti,

78 2397 174 2454 dicam
193 2397 293 2473 paucis.
328 2398 462 2478 Magnum
487 2397 552 2477 quid
572 2396 697 2456 medendi
712 2394 823 2454 scientia

28 2512 33 2517 -
80 2473 132 2531 est:
152 2473 259 2547 majus,
272 2473 413 2551 prudentia
432 2489 514 2553 atque
531 2472 665 2551 sapientia.
683 2472 822 2549 illaquip-

81 2567 116 2627 pe
127 2548 246 2608 scientiae
264 2548 373 2618 oculus,
390 2549 450 2609 haec
469 2569 566 2608 manus
578 2551 625 2608 est.
644 2548 750 2626 Absque
778 2564 824 2603 ru·

81 2626 172 2686 dentia
198 2627 219 2685 fi
242 2626 295 2691 est,
320 2644 408 2705 neque
432 2642 558 2704 tempora
575 2625 684 2684 lustrare
704 2627 732 2678 M
769 2623 825 2680 icus

85 2704 123 2760 rei
131 2703 202 2762 bene
210 2703 356 2783 gerenda(
370 2723 456 2782 neque
467 2701 618 2781 praecipites
631 2711 737 2779 captare
748 2713 827 2755 occa-

86 2775 283 2860 fimtapotest.
320 2779 429 2859 Absque
447 2779 574 2856 sapientia
592 2777 613 2836 si
631 2778 689 2847 est,
715 2773 829 2835 tradate

10 2914 13 2923 ,
82 2850 205 2919 domines
235 2859 243 2870 ’
282 2868 364 2919 orat,
392 2860 429 2931 ¹dn
453 2855 502 2915 suo
521 2873 664 2945 quemque
686 2851 829 2930 calopodio

76 2931 203 3024 eitun
245 2932 297 3019 ..ti
320 2926 831 3079 minutatiuscudo·q0

826 3053 839 3085 δ
