<?xml version="1.0" encoding="UTF-8"?>
<!DOCTYPE html PUBLIC "-//W3C//DTD XHTML 1.0 Transitional//EN"
    "http://www.w3.org/TR/xhtml1/DTD/xhtml1-transitional.dtd">
<html xmlns="http://www.w3.org/1999/xhtml" xml:lang="en" lang="en">
 <head>
  <title>
</title>
<meta http-equiv="Content-Type" content="text/html;charset=utf-8" />
  <meta name='ocr-system' content='tesseract 3.04.00' />
  <meta name='ocr-capabilities' content='ocr_page ocr_carea ocr_par ocr_line ocrx_word'/>
</head>
<body>
  <div class='ocr_page' id='page_1' title='image "aurcorncelsidem00rodegoog_0069.png"; bbox 0 0 1882 3502; ppageno 0'>
   <div class='ocr_carea' id='block_1_1' title="bbox 59 150 712 257">
    <p class='ocr_par' dir='ltr' id='par_1_1' title="bbox 59 150 712 257">
     <span class='ocr_line' id='line_1_1' title="bbox 59 150 712 257; baseline -0.012 -28"><span class='ocrx_word' id='word_1_1' title='bbox 59 165 133 246; x_wconf 66' lang='grc' dir='ltr'>Μ.</span> <span class='ocrx_word' id='word_1_2' title='bbox 277 150 506 228; x_wconf 52' lang='lat' dir='ltr'>librariorum¹</span> <span class='ocrx_word' id='word_1_3' title='bbox 680 190 712 257; x_wconf 78' lang='lat'>¹5</span> 
     </span>
    </p>
   </div>
   <div class='ocr_carea' id='block_1_2' title="bbox 13 266 800 2838">
    <p class='ocr_par' dir='ltr' id='par_1_2' title="bbox 13 266 800 2838">
     <span class='ocr_line' id='line_1_2' title="bbox 58 266 716 349; baseline 0.018 -24"><span class='ocrx_word' id='word_1_4' title='bbox 58 269 135 325; x_wconf 89' lang='lat' dir='ltr'>uiam</span> <span class='ocrx_word' id='word_1_5' title='bbox 147 272 175 326; x_wconf 69' lang='grc' dir='ltr'>δι</span> <span class='ocrx_word' id='word_1_6' title='bbox 191 266 257 341; x_wconf 86' lang='lat' dir='ltr'>alii,</span> <span class='ocrx_word' id='word_1_7' title='bbox 273 274 301 326; x_wconf 75' lang='grc' dir='ltr'>δι</span> <span class='ocrx_word' id='word_1_8' title='bbox 317 267 389 327; x_wconf 78' lang='lat' dir='ltr'>idem</span> <span class='ocrx_word' id='word_1_9' title='bbox 400 270 463 329; x_wconf 86' lang='lat' dir='ltr'>alias</span> <span class='ocrx_word' id='word_1_10' title='bbox 479 267 538 349; x_wconf 85' lang='lat' dir='ltr'>post</span> <span class='ocrx_word' id='word_1_11' title='bbox 553 268 602 331; x_wconf 82' lang='lat' dir='ltr'>ista</span> <span class='ocrx_word' id='word_1_12' title='bbox 617 276 716 339; x_wconf 87' lang='lat' dir='ltr'>uoufe·</span> 
     </span>
     <span class='ocr_line' id='line_1_3' title="bbox 56 346 217 405; baseline 0.012 -3"><span class='ocrx_word' id='word_1_13' title='bbox 56 346 217 405; x_wconf 80' lang='lat' dir='ltr'>bricitareur.</span> 
     </span>
     <span class='ocr_line' id='line_1_4' title="bbox 97 423 714 502; baseline 0.013 -21"><span class='ocrx_word' id='word_1_14' title='bbox 97 427 132 481; x_wconf 87' lang='lat' dir='ltr'>Et</span> <span class='ocrx_word' id='word_1_15' title='bbox 147 424 259 502; x_wconf 85' lang='lat' dir='ltr'>quidam</span> <span class='ocrx_word' id='word_1_16' title='bbox 275 423 430 493; x_wconf 23' lang='lat' dir='ltr'>Methodici,</span> <span class='ocrx_word' id='word_1_17' title='bbox 445 425 519 485; x_wconf 86' lang='lat' dir='ltr'>seculi</span> <span class='ocrx_word' id='word_1_18' title='bbox 535 426 617 488; x_wconf 88' lang='lat' dir='ltr'>nostri</span> <span class='ocrx_word' id='word_1_19' title='bbox 633 468 642 497; x_wconf 93' lang='lat'>,</span> <span class='ocrx_word' id='word_1_20' title='bbox 668 431 714 494; x_wconf 85' lang='lat' dir='ltr'>snb</span> 
     </span>
     <span class='ocr_line' id='line_1_5' title="bbox 57 501 715 582; baseline 0.017 -24"><span class='ocrx_word' id='word_1_21' title='bbox 57 501 166 560; x_wconf 65' lang='lat' dir='ltr'>auclore</span> <span class='ocrx_word' id='word_1_22' title='bbox 186 511 194 577; x_wconf 77' lang='lat' dir='ltr'>l</span> <span class='ocrx_word' id='word_1_23' title='bbox 205 522 233 562; x_wconf 90' lang='lat' dir='ltr'>ut</span> <span class='ocrx_word' id='word_1_24' title='bbox 253 501 301 582; x_wconf 82' lang='lat' dir='ltr'>ipfi</span> <span class='ocrx_word' id='word_1_25' title='bbox 323 503 404 562; x_wconf 86' lang='lat' dir='ltr'>uideri</span> <span class='ocrx_word' id='word_1_26' title='bbox 421 504 530 576; x_wconf 80' lang='lat' dir='ltr'>volunt)</span> <span class='ocrx_word' id='word_1_27' title='bbox 550 505 715 571; x_wconf 79' lang='lat' dir='ltr'>Themisone</span> 
     </span>
     <span class='ocr_line' id='line_1_6' title="bbox 35 579 716 666; baseline 0.003 -30"><span class='ocrx_word' id='word_1_28' title='bbox 35 579 242 657; x_wconf 77' lang='lat' dir='ltr'>5contenduut,</span> <span class='ocrx_word' id='word_1_29' title='bbox 269 581 365 640; x_wconf 88' lang='lat' dir='ltr'>nullius</span> <span class='ocrx_word' id='word_1_30' title='bbox 391 582 470 640; x_wconf 84' lang='lat' dir='ltr'>causae</span> <span class='ocrx_word' id='word_1_31' title='bbox 498 584 618 642; x_wconf 80' lang='lat' dir='ltr'>notitiam</span> <span class='ocrx_word' id='word_1_32' title='bbox 640 590 716 666; x_wconf 79' lang='lat' dir='ltr'>quic.</span> 
     </span>
     <span class='ocr_line' id='line_1_7' title="bbox 58 658 712 741; baseline 0.014 -26"><span class='ocrx_word' id='word_1_33' title='bbox 58 676 143 736; x_wconf 91' lang='lat' dir='ltr'>quam</span> <span class='ocrx_word' id='word_1_34' title='bbox 159 658 193 717; x_wconf 91' lang='lat' dir='ltr'>ad</span> <span class='ocrx_word' id='word_1_35' title='bbox 206 662 349 718; x_wconf 80' lang='lat' dir='ltr'>curationes</span> <span class='ocrx_word' id='word_1_36' title='bbox 360 661 504 738; x_wconf 80' lang='lat' dir='ltr'>pertinere:</span> <span class='ocrx_word' id='word_1_37' title='bbox 526 658 633 741; x_wconf 74' lang='lat' dir='ltr'>ficisque</span> <span class='ocrx_word' id='word_1_38' title='bbox 646 664 712 734; x_wconf 83' lang='lat' dir='ltr'>elle,</span> 
     </span>
     <span class='ocr_line' id='line_1_8' title="bbox 57 736 712 812; baseline 0.012 -19"><span class='ocrx_word' id='word_1_39' title='bbox 57 736 182 811; x_wconf 69' lang='lat' dir='ltr'>quaedam</span> <span class='ocrx_word' id='word_1_40' title='bbox 215 739 370 797; x_wconf 87' lang='lat' dir='ltr'>communia</span> <span class='ocrx_word' id='word_1_41' title='bbox 403 739 560 796; x_wconf 80' lang='lat' dir='ltr'>morborum</span> <span class='ocrx_word' id='word_1_42' title='bbox 595 745 712 812; x_wconf 87' lang='lat' dir='ltr'>intueri,</span> 
     </span>
     <span class='ocr_line' id='line_1_9' title="bbox 59 813 713 894; baseline 0.017 -25"><span class='ocrx_word' id='word_1_43' title='bbox 59 815 93 870; x_wconf 76' lang='lat' dir='ltr'>Et</span> <span class='ocrx_word' id='word_1_44' title='bbox 118 813 230 892; x_wconf 85' lang='lat' dir='ltr'>quidem</span> <span class='ocrx_word' id='word_1_45' title='bbox 258 813 354 874; x_wconf 87' lang='lat' dir='ltr'>horum</span> <span class='ocrx_word' id='word_1_46' title='bbox 374 817 421 872; x_wconf 87' lang='lat' dir='ltr'>tria</span> <span class='ocrx_word' id='word_1_47' title='bbox 435 835 529 894; x_wconf 86' lang='lat' dir='ltr'>genera</span> <span class='ocrx_word' id='word_1_48' title='bbox 545 813 608 882; x_wconf 81' lang='lat' dir='ltr'>effe,</span> <span class='ocrx_word' id='word_1_49' title='bbox 628 838 713 880; x_wconf 87' lang='lat' dir='ltr'>unum</span> 
     </span>
     <span class='ocr_line' id='line_1_10' title="bbox 58 889 714 965; baseline 0.014 -17"><span class='ocrx_word' id='word_1_50' title='bbox 58 889 216 959; x_wconf 71' lang='lat' dir='ltr'>adstridum</span> <span class='ocrx_word' id='word_1_51' title='bbox 232 929 242 958; x_wconf 93' lang='lat'>,</span> <span class='ocrx_word' id='word_1_52' title='bbox 268 893 377 952; x_wconf 88' lang='lat' dir='ltr'>alterum</span> <span class='ocrx_word' id='word_1_53' title='bbox 389 893 496 965; x_wconf 85' lang='lat' dir='ltr'>fluens,</span> <span class='ocrx_word' id='word_1_54' title='bbox 523 895 627 954; x_wconf 88' lang='lat' dir='ltr'>renium</span> <span class='ocrx_word' id='word_1_55' title='bbox 640 901 714 958; x_wconf 85' lang='lat' dir='ltr'>mix·</span> 
     </span>
     <span class='ocr_line' id='line_1_11' title="bbox 15 971 713 1053; baseline 0.009 -25"><span class='ocrx_word' id='word_1_56' title='bbox 15 988 49 1028; x_wconf 86' lang='lat' dir='ltr'>ro</span> <span class='ocrx_word' id='word_1_57' title='bbox 60 986 130 1027; x_wconf 87' lang='lat' dir='ltr'>turn.</span> <span class='ocrx_word' id='word_1_58' title='bbox 167 973 242 1029; x_wconf 89' lang='lat' dir='ltr'>Nam</span> <span class='ocrx_word' id='word_1_59' title='bbox 264 971 348 1030; x_wconf 87' lang='lat' dir='ltr'>modo</span> <span class='ocrx_word' id='word_1_60' title='bbox 358 989 451 1049; x_wconf 79' lang='lat' dir='ltr'>parum</span> <span class='ocrx_word' id='word_1_61' title='bbox 463 991 599 1030; x_wconf 81' lang='lat' dir='ltr'>excernere</span> <span class='ocrx_word' id='word_1_62' title='bbox 612 992 713 1053; x_wconf 70' lang='lat' dir='ltr'>aegros,</span> 
     </span>
     <span class='ocr_line' id='line_1_12' title="bbox 60 1045 714 1127; baseline 0.014 -23"><span class='ocrx_word' id='word_1_63' title='bbox 60 1045 149 1105; x_wconf 86' lang='lat' dir='ltr'>modo</span> <span class='ocrx_word' id='word_1_64' title='bbox 159 1050 273 1106; x_wconf 87' lang='lat' dir='ltr'>nimium</span> <span class='ocrx_word' id='word_1_65' title='bbox 285 1071 292 1108; x_wconf 75' lang='grc' dir='ltr'><strong>ε</strong></span> <span class='ocrx_word' id='word_1_66' title='bbox 312 1049 396 1107; x_wconf 91' lang='lat' dir='ltr'>modo</span> <span class='ocrx_word' id='word_1_67' title='bbox 404 1052 454 1110; x_wconf 82' lang='lat' dir='ltr'>alia</span> <span class='ocrx_word' id='word_1_68' title='bbox 464 1068 633 1127; x_wconf 79' lang='lat' dir='ltr'>parteparum</span> <span class='ocrx_word' id='word_1_69' title='bbox 644 1090 652 1118; x_wconf 87' lang='lat'><em>‚</em></span> <span class='ocrx_word' id='word_1_70' title='bbox 664 1053 714 1113; x_wconf 85' lang='lat' dir='ltr'>alia</span> 
     </span>
     <span class='ocr_line' id='line_1_13' title="bbox 60 1126 711 1208; baseline 0.012 -28"><span class='ocrx_word' id='word_1_71' title='bbox 60 1126 189 1184; x_wconf 87' lang='lat' dir='ltr'>nimium.</span> <span class='ocrx_word' id='word_1_72' title='bbox 226 1130 291 1185; x_wconf 77' lang='lat' dir='ltr'>Haec</span> <span class='ocrx_word' id='word_1_73' title='bbox 310 1144 396 1187; x_wconf 82' lang='lat' dir='ltr'>aurem</span> <span class='ocrx_word' id='word_1_74' title='bbox 419 1146 513 1208; x_wconf 84' lang='lat' dir='ltr'>genera</span> <span class='ocrx_word' id='word_1_75' title='bbox 533 1128 711 1199; x_wconf 82' lang='lat' dir='ltr'>morborum,</span> 
     </span>
     <span class='ocr_line' id='line_1_14' title="bbox 61 1201 713 1288; baseline 0.009 -29"><span class='ocrx_word' id='word_1_76' title='bbox 61 1201 147 1261; x_wconf 89' lang='lat' dir='ltr'>modo</span> <span class='ocrx_word' id='word_1_77' title='bbox 161 1221 233 1263; x_wconf 83' lang='lat' dir='ltr'>acuta</span> <span class='ocrx_word' id='word_1_78' title='bbox 247 1201 310 1271; x_wconf 76' lang='lat' dir='ltr'>elle,</span> <span class='ocrx_word' id='word_1_79' title='bbox 331 1205 416 1263; x_wconf 90' lang='lat' dir='ltr'>modo</span> <span class='ocrx_word' id='word_1_80' title='bbox 425 1208 522 1288; x_wconf 68' lang='lat' dir='ltr'>longa,</span> <span class='ocrx_word' id='word_1_81' title='bbox 543 1207 713 1266; x_wconf 87' lang='lat' dir='ltr'>&amp;modoin-</span> 
     </span>
     <span class='ocr_line' id='line_1_15' title="bbox 61 1281 713 1351; baseline 0.011 -13"><span class='ocrx_word' id='word_1_82' title='bbox 61 1281 193 1347; x_wconf 81' lang='lat' dir='ltr'>crcsccre,</span> <span class='ocrx_word' id='word_1_83' title='bbox 224 1282 308 1340; x_wconf 89' lang='lat' dir='ltr'>modo</span> <span class='ocrx_word' id='word_1_84' title='bbox 327 1281 488 1351; x_wconf 78' lang='lat' dir='ltr'>consistere,</span> <span class='ocrx_word' id='word_1_85' title='bbox 518 1282 605 1341; x_wconf 88' lang='lat' dir='ltr'>modo</span> <span class='ocrx_word' id='word_1_86' title='bbox 626 1287 713 1346; x_wconf 87' lang='lat' dir='ltr'>minui</span> 
     </span>
     <span class='ocr_line' id='line_1_16' title="bbox 21 1354 715 1491; baseline 0.003 -73"><span class='ocrx_word' id='word_1_87' title='bbox 21 1378 48 1439; x_wconf 76' lang='grc' dir='ltr'>ις</span> <span class='ocrx_word' id='word_1_88' title='bbox 61 1354 223 1419; x_wconf 68' lang='lat' dir='ltr'>conuenisse.</span> <span class='ocrx_word' id='word_1_89' title='bbox 260 1363 376 1438; x_wconf 78' lang='lat' dir='ltr'>Cognito</span> <span class='ocrx_word' id='word_1_90' title='bbox 398 1365 476 1440; x_wconf 81' lang='lat' dir='ltr'>igitur</span> <span class='ocrx_word' id='word_1_91' title='bbox 491 1380 525 1417; x_wconf 91' lang='lat' dir='ltr'>eo</span> <span class='ocrx_word' id='word_1_92' title='bbox 540 1359 613 1491; x_wconf 46' lang='lat' dir='ltr'>guod</span> <span class='ocrx_word' id='word_1_93' title='bbox 629 1380 661 1417; x_wconf 89' lang='lat' dir='ltr'>ex</span> <span class='ocrx_word' id='word_1_94' title='bbox 672 1361 715 1421; x_wconf 89' lang='lat' dir='ltr'>bis</span> 
     </span>
     <span class='ocr_line' id='line_1_17' title="bbox 61 1432 715 1514; baseline 0 -20"><span class='ocrx_word' id='word_1_95' title='bbox 61 1432 99 1494; x_wconf 88' lang='lat' dir='ltr'>est</span> <span class='ocrx_word' id='word_1_96' title='bbox 117 1475 126 1503; x_wconf 89' lang='lat'>,</span> <span class='ocrx_word' id='word_1_97' title='bbox 150 1438 278 1514; x_wconf 76' lang='lat' dir='ltr'>steorpus</span> <span class='ocrx_word' id='word_1_98' title='bbox 291 1436 444 1495; x_wconf 70' lang='lat' dir='ltr'>adstriclum</span> <span class='ocrx_word' id='word_1_99' title='bbox 461 1433 521 1499; x_wconf 89' lang='lat' dir='ltr'>est,</span> <span class='ocrx_word' id='word_1_100' title='bbox 560 1436 715 1512; x_wconf 79' lang='lat' dir='ltr'>igerendum</span> 
     </span>
     <span class='ocr_line' id='line_1_18' title="bbox 61 1510 715 1596; baseline 0 -24"><span class='ocrx_word' id='word_1_101' title='bbox 61 1511 124 1573; x_wconf 81' lang='lat' dir='ltr'>elle:</span> <span class='ocrx_word' id='word_1_102' title='bbox 144 1513 313 1596; x_wconf 78' lang='lat' dir='ltr'>fiprofluuio</span> <span class='ocrx_word' id='word_1_103' title='bbox 327 1515 450 1579; x_wconf 81' lang='lat' dir='ltr'>laborat,</span> <span class='ocrx_word' id='word_1_104' title='bbox 470 1510 676 1571; x_wconf 86' lang='lat' dir='ltr'>continendum:</span> <span class='ocrx_word' id='word_1_105' title='bbox 696 1513 715 1571; x_wconf 81' lang='lat' dir='ltr'>fi</span> 
     </span>
     <span class='ocr_line' id='line_1_19' title="bbox 61 1588 718 1656; baseline 0.003 -9"><span class='ocrx_word' id='word_1_106' title='bbox 61 1593 176 1652; x_wconf 84' lang='lat' dir='ltr'>mixtum</span> <span class='ocrx_word' id='word_1_107' title='bbox 191 1594 291 1655; x_wconf 85' lang='lat' dir='ltr'>vitium</span> <span class='ocrx_word' id='word_1_108' title='bbox 306 1592 407 1656; x_wconf 86' lang='lat' dir='ltr'>babet,</span> <span class='ocrx_word' id='word_1_109' title='bbox 425 1588 614 1648; x_wconf 84' lang='lat' dir='ltr'>occurrendum</span> <span class='ocrx_word' id='word_1_110' title='bbox 632 1589 718 1649; x_wconf 89' lang='lat' dir='ltr'>subin·</span> 
     </span>
     <span class='ocr_line' id='line_1_20' title="bbox 63 1666 719 1731; baseline 0.005 -6"><span class='ocrx_word' id='word_1_111' title='bbox 63 1666 97 1726; x_wconf 82' lang='lat' dir='ltr'>de</span> <span class='ocrx_word' id='word_1_112' title='bbox 124 1669 318 1731; x_wconf 79' lang='lat' dir='ltr'>uehementiori</span> <span class='ocrx_word' id='word_1_113' title='bbox 346 1670 429 1727; x_wconf 87' lang='lat' dir='ltr'>malo.</span> <span class='ocrx_word' id='word_1_114' title='bbox 472 1669 506 1725; x_wconf 86' lang='lat' dir='ltr'>Et</span> <span class='ocrx_word' id='word_1_115' title='bbox 535 1666 608 1725; x_wconf 87' lang='lat' dir='ltr'>aliter</span> <span class='ocrx_word' id='word_1_116' title='bbox 638 1670 719 1728; x_wconf 87' lang='lat' dir='ltr'>acutis</span> 
     </span>
     <span class='ocr_line' id='line_1_21' title="bbox 13 1741 717 1815; baseline -0.006 -5"><span class='ocrx_word' id='word_1_117' title='bbox 13 1767 52 1810; x_wconf 73' lang='grc' dir='ltr'>ιο</span> <span class='ocrx_word' id='word_1_118' title='bbox 63 1748 163 1808; x_wconf 87' lang='lat' dir='ltr'>morbis</span> <span class='ocrx_word' id='word_1_119' title='bbox 189 1746 353 1810; x_wconf 87' lang='lat' dir='ltr'>medendum</span> <span class='ocrx_word' id='word_1_120' title='bbox 370 1787 379 1815; x_wconf 92' lang='lat'>,</span> <span class='ocrx_word' id='word_1_121' title='bbox 405 1745 477 1805; x_wconf 81' lang='lat' dir='ltr'>aliter</span> <span class='ocrx_word' id='word_1_122' title='bbox 498 1741 625 1803; x_wconf 71' lang='lat' dir='ltr'>vetustis:</span> <span class='ocrx_word' id='word_1_123' title='bbox 643 1746 717 1806; x_wconf 82' lang='lat' dir='ltr'>aliter</span> 
     </span>
     <span class='ocr_line' id='line_1_22' title="bbox 61 1820 716 1892; baseline 0.005 -10"><span class='ocrx_word' id='word_1_124' title='bbox 61 1826 281 1892; x_wconf 81' lang='lat' dir='ltr'>increscentibus,</span> <span class='ocrx_word' id='word_1_125' title='bbox 307 1825 381 1884; x_wconf 88' lang='lat' dir='ltr'>aliter</span> <span class='ocrx_word' id='word_1_126' title='bbox 404 1820 615 1889; x_wconf 86' lang='lat' dir='ltr'>sublistentibus,</span> <span class='ocrx_word' id='word_1_127' title='bbox 643 1824 716 1886; x_wconf 91' lang='lat' dir='ltr'>aliter</span> 
     </span>
     <span class='ocr_line' id='line_1_23' title="bbox 63 1901 714 1979; baseline 0.003 -19"><span class='ocrx_word' id='word_1_128' title='bbox 63 1903 120 1979; x_wconf 76' lang='lat' dir='ltr'>jam</span> <span class='ocrx_word' id='word_1_129' title='bbox 146 1905 178 1962; x_wconf 87' lang='lat' dir='ltr'>ad</span> <span class='ocrx_word' id='word_1_130' title='bbox 206 1905 339 1964; x_wconf 86' lang='lat' dir='ltr'>sanitatem</span> <span class='ocrx_word' id='word_1_131' title='bbox 370 1901 562 1962; x_wconf 82' lang='lat' dir='ltr'>inclinantibus.</span> <span class='ocrx_word' id='word_1_132' title='bbox 606 1904 714 1962; x_wconf 89' lang='lat' dir='ltr'>Horum</span> 
     </span>
     <span class='ocr_line' id='line_1_24' title="bbox 62 1974 800 2058; baseline 0.004 -21"><span class='ocrx_word' id='word_1_133' title='bbox 62 1979 268 2042; x_wconf 87' lang='lat' dir='ltr'>obseruationem</span> <span class='ocrx_word' id='word_1_134' title='bbox 292 1980 452 2041; x_wconf 80' lang='lat' dir='ltr'>medicinam</span> <span class='ocrx_word' id='word_1_135' title='bbox 474 1974 546 2045; x_wconf 77' lang='lat' dir='ltr'>elle,</span> <span class='ocrx_word' id='word_1_136' title='bbox 574 1998 656 2058; x_wconf 80' lang='lat' dir='ltr'>quam</span> <span class='ocrx_word' id='word_1_137' title='bbox 680 1983 800 2047; x_wconf 65' lang='lat' dir='ltr'>itants.</span> 
     </span>
     <span class='ocr_line' id='line_1_25' title="bbox 62 2055 714 2138; baseline 0.006 -22"><span class='ocrx_word' id='word_1_138' title='bbox 62 2057 182 2127; x_wconf 85' lang='lat' dir='ltr'>finiunt,</span> <span class='ocrx_word' id='word_1_139' title='bbox 210 2078 237 2120; x_wconf 90' lang='lat' dir='ltr'>ut</span> <span class='ocrx_word' id='word_1_140' title='bbox 258 2057 330 2138; x_wconf 85' lang='lat' dir='ltr'>quafi</span> <span class='ocrx_word' id='word_1_141' title='bbox 352 2061 424 2118; x_wconf 84' lang='lat' dir='ltr'>uiam</span> <span class='ocrx_word' id='word_1_142' title='bbox 445 2055 604 2136; x_wconf 87' lang='lat' dir='ltr'>quandam,</span> <span class='ocrx_word' id='word_1_143' title='bbox 631 2078 714 2137; x_wconf 85' lang='lat' dir='ltr'>quam</span> 
     </span>
     <span class='ocr_line' id='line_1_26' title="bbox 14 2135 714 2218; baseline 0.009 -26"><span class='ocrx_word' id='word_1_144' title='bbox 14 2157 50 2218; x_wconf 87' lang='lat'>²5</span> <span class='ocrx_word' id='word_1_145' title='bbox 66 2135 178 2205; x_wconf 64' lang='lat' dir='ltr'>,cibalas</span> <span class='ocrx_word' id='word_1_146' title='bbox 185 2140 266 2198; x_wconf 75' lang='lat' dir='ltr'>Graeci</span> <span class='ocrx_word' id='word_1_147' title='bbox 275 2139 432 2204; x_wconf 85' lang='lat' dir='ltr'>nominant,</span> <span class='ocrx_word' id='word_1_148' title='bbox 442 2154 603 2214; x_wconf 88' lang='lat' dir='ltr'>corumque,</span> <span class='ocrx_word' id='word_1_149' title='bbox 619 2140 714 2214; x_wconf 82' lang='lat' dir='ltr'>quaein</span> 
     </span>
     <span class='ocr_line' id='line_1_27' title="bbox 66 2213 714 2290; baseline 0.006 -18"><span class='ocrx_word' id='word_1_150' title='bbox 66 2214 171 2272; x_wconf 83' lang='lat' dir='ltr'>morbis</span> <span class='ocrx_word' id='word_1_151' title='bbox 191 2217 342 2275; x_wconf 87' lang='lat' dir='ltr'>communia</span> <span class='ocrx_word' id='word_1_152' title='bbox 364 2213 447 2280; x_wconf 86' lang='lat' dir='ltr'>sunt,</span> <span class='ocrx_word' id='word_1_153' title='bbox 474 2214 714 2290; x_wconf 72' lang='lat' dir='ltr'>contemplatricem</span> 
     </span>
     <span class='ocr_line' id='line_1_28' title="bbox 63 2284 715 2370; baseline -0.002 -19"><span class='ocrx_word' id='word_1_154' title='bbox 63 2284 117 2351; x_wconf 81' lang='lat' dir='ltr'>effe</span> <span class='ocrx_word' id='word_1_155' title='bbox 133 2294 297 2353; x_wconf 77' lang='lat' dir='ltr'>contendant.</span> <span class='ocrx_word' id='word_1_156' title='bbox 332 2299 371 2351; x_wconf 80' lang='lat' dir='ltr'>Ac</span> <span class='ocrx_word' id='word_1_157' title='bbox 389 2310 473 2370; x_wconf 86' lang='lat' dir='ltr'>neque</span> <span class='ocrx_word' id='word_1_158' title='bbox 487 2291 656 2350; x_wconf 82' lang='lat' dir='ltr'>rationalibus</span> <span class='ocrx_word' id='word_1_159' title='bbox 671 2293 715 2362; x_wconf 89' lang='lat' dir='ltr'>se,</span> 
     </span>
     <span class='ocr_line' id='line_1_29' title="bbox 64 2367 715 2451; baseline -0.002 -22"><span class='ocrx_word' id='word_1_160' title='bbox 64 2389 153 2448; x_wconf 88' lang='lat' dir='ltr'>neque</span> <span class='ocrx_word' id='word_1_161' title='bbox 193 2375 370 2451; x_wconf 81' lang='lat' dir='ltr'>experimenta</span> <span class='ocrx_word' id='word_1_162' title='bbox 399 2388 501 2430; x_wconf 88' lang='lat' dir='ltr'>tautum</span> <span class='ocrx_word' id='word_1_163' title='bbox 541 2367 715 2448; x_wconf 70' lang='lat' dir='ltr'>speclrnribus</span> 
     </span>
     <span class='ocr_line' id='line_1_30' title="bbox 63 2446 715 2509; baseline -0.002 -3"><span class='ocrx_word' id='word_1_164' title='bbox 63 2452 234 2508; x_wconf 86' lang='lat' dir='ltr'>annumerari</span> <span class='ocrx_word' id='word_1_165' title='bbox 248 2449 356 2509; x_wconf 85' lang='lat' dir='ltr'>uolunt:</span> <span class='ocrx_word' id='word_1_166' title='bbox 373 2468 434 2508; x_wconf 90' lang='lat' dir='ltr'>eum</span> <span class='ocrx_word' id='word_1_167' title='bbox 451 2447 484 2505; x_wconf 89' lang='lat' dir='ltr'>ab</span> <span class='ocrx_word' id='word_1_168' title='bbox 498 2446 551 2504; x_wconf 87' lang='lat' dir='ltr'>illis</span> <span class='ocrx_word' id='word_1_169' title='bbox 563 2447 715 2506; x_wconf 86' lang='lat' dir='ltr'>eonomine</span> 
     </span>
     <span class='ocr_line' id='line_1_31' title="bbox 17 2522 714 2608; baseline -0.007 -22"><span class='ocrx_word' id='word_1_170' title='bbox 17 2522 239 2606; x_wconf 77' lang='lat' dir='ltr'>30dilscntiant,</span> <span class='ocrx_word' id='word_1_171' title='bbox 264 2526 339 2608; x_wconf 84' lang='lat' dir='ltr'>quod</span> <span class='ocrx_word' id='word_1_172' title='bbox 360 2527 388 2584; x_wconf 86' lang='lat' dir='ltr'>in</span> <span class='ocrx_word' id='word_1_173' title='bbox 405 2525 550 2598; x_wconf 60' lang='lat' dir='ltr'>conjectura</span> <span class='ocrx_word' id='word_1_174' title='bbox 573 2544 661 2585; x_wconf 90' lang='lat' dir='ltr'>rerum</span> <span class='ocrx_word' id='word_1_175' title='bbox 676 2522 714 2582; x_wconf 78' lang='lat' dir='ltr'>la·</span> 
     </span>
     <span class='ocr_line' id='line_1_32' title="bbox 61 2602 714 2665; baseline -0.011 -1"><span class='ocrx_word' id='word_1_176' title='bbox 61 2607 174 2664; x_wconf 88' lang='lat' dir='ltr'>rentium</span> <span class='ocrx_word' id='word_1_177' title='bbox 191 2607 284 2665; x_wconf 80' lang='lat' dir='ltr'>nolunt</span> <span class='ocrx_word' id='word_1_178' title='bbox 297 2602 345 2664; x_wconf 88' lang='lat' dir='ltr'>essc</span> <span class='ocrx_word' id='word_1_179' title='bbox 357 2605 517 2664; x_wconf 82' lang='lat' dir='ltr'>medicinam</span> <span class='ocrx_word' id='word_1_180' title='bbox 531 2623 539 2659; x_wconf 76' lang='lat' dir='ltr'>a</span> <span class='ocrx_word' id='word_1_181' title='bbox 559 2603 593 2660; x_wconf 84' lang='lat' dir='ltr'>ab</span> <span class='ocrx_word' id='word_1_182' title='bbox 606 2602 649 2658; x_wconf 87' lang='lat' dir='ltr'>his</span> <span class='ocrx_word' id='word_1_183' title='bbox 662 2619 714 2665; x_wconf 91' lang='lat' dir='ltr'>eo,</span> 
     </span>
     <span class='ocr_line' id='line_1_33' title="bbox 64 2678 716 2761; baseline -0.017 -19"><span class='ocrx_word' id='word_1_184' title='bbox 64 2684 137 2760; x_wconf 89' lang='lat' dir='ltr'>quod</span> <span class='ocrx_word' id='word_1_185' title='bbox 161 2702 257 2761; x_wconf 83' lang='lat' dir='ltr'>parum</span> <span class='ocrx_word' id='word_1_186' title='bbox 284 2685 346 2742; x_wconf 87' lang='lat' dir='ltr'>artis</span> <span class='ocrx_word' id='word_1_187' title='bbox 363 2680 410 2740; x_wconf 87' lang='lat' dir='ltr'>elle</span> <span class='ocrx_word' id='word_1_188' title='bbox 432 2683 460 2739; x_wconf 89' lang='lat' dir='ltr'>in</span> <span class='ocrx_word' id='word_1_189' title='bbox 476 2678 653 2738; x_wconf 83' lang='lat' dir='ltr'>obseruatione</span> <span class='ocrx_word' id='word_1_190' title='bbox 669 2695 716 2732; x_wconf 86' lang='lat' dir='ltr'>ex·</span> 
     </span>
     <span class='ocr_line' id='line_1_34' title="bbox 65 2749 717 2838; baseline -0.015 -20"><span class='ocrx_word' id='word_1_191' title='bbox 65 2765 275 2838; x_wconf 70' lang='lat' dir='ltr'>perimenrorum</span> <span class='ocrx_word' id='word_1_192' title='bbox 292 2761 408 2823; x_wconf 86' lang='lat' dir='ltr'>eredunt.</span> <span class='ocrx_word' id='word_1_193' title='bbox 435 2749 520 2832; x_wconf 69' lang='lat' dir='ltr'>Quod</span> <span class='ocrx_word' id='word_1_194' title='bbox 533 2756 566 2815; x_wconf 86' lang='lat' dir='ltr'>ud</span> <span class='ocrx_word' id='word_1_195' title='bbox 583 2749 717 2811; x_wconf 86' lang='lat' dir='ltr'>Erafistra·</span> 
     </span>
    </p>
   </div>
   <div class='ocr_carea' id='block_1_3' title="bbox 65 2829 717 2986">
    <p class='ocr_par' dir='ltr' id='par_1_3' title="bbox 65 2829 717 2986">
     <span class='ocr_line' id='line_1_35' title="bbox 65 2829 717 2923; baseline -0.023 -22"><span class='ocrx_word' id='word_1_196' title='bbox 65 2854 119 2900; x_wconf 80' lang='lat' dir='ltr'>tunt</span> <span class='ocrx_word' id='word_1_197' title='bbox 132 2843 271 2923; x_wconf 81' lang='lat' dir='ltr'>pertinet,</span> <span class='ocrx_word' id='word_1_198' title='bbox 298 2841 435 2923; x_wconf 76' lang='lat' dir='ltr'>primum,</span> <span class='ocrx_word' id='word_1_199' title='bbox 454 2833 510 2916; x_wconf 80' lang='lat' dir='ltr'>ipsa</span> <span class='ocrx_word' id='word_1_200' title='bbox 522 2832 650 2897; x_wconf 78' lang='lat' dir='ltr'>euidentia</span> <span class='ocrx_word' id='word_1_201' title='bbox 663 2829 717 2917; x_wconf 80' lang='lat' dir='ltr'>ejus</span> 
     </span>
     <span class='ocr_line' id='line_1_36' title="bbox 627 2925 714 2986; baseline -0.046 -19"><span class='ocrx_word' id='word_1_202' title='bbox 627 2925 714 2986; x_wconf 78' lang='lat' dir='ltr'>optm-</span> 
     </span>
    </p>
   </div>
   <div class='ocr_carea' id='block_1_4' title="bbox 0 0 961 3502">
    <p class='ocr_par' dir='ltr' id='par_1_4' title="bbox 0 0 961 3502">
     <span class='ocr_line' id='line_1_37' title="bbox 0 0 961 3502; baseline 0 0"><span class='ocrx_word' id='word_1_203' title='bbox 0 0 961 3502; x_wconf 95' lang='lat' dir='ltr'> </span> 
     </span>
    </p>
   </div>
  </div>
 </body>
</html>
