1882 3502
210 247 354 324 {remissus
364 244 476 308 Horidm
485 243 592 309 satum
605 247 714 309 renim:

291 323 415 400 subsiste.
426 325 467 387 lib.
479 335 502 386 1.
517 340 573 405 cap.
585 335 625 392 W,

129 477 288 540 Cornelium
308 479 415 540 Celsum
434 496 489 561 ego'
506 495 562 541 tam
576 482 751 544 excellentem
769 483 829 544 scri·

91 571 200 639 ptorem
227 556 303 616 fuiffe
327 570 403 627 reor,
422 574 453 618 ut
472 556 571 636 paucos
590 563 614 618 ei
632 562 845 639 anteponendos,

93 635 203 694 Latium
216 635 350 710 protulisse
361 637 499 705 censeam,
518 648 582 696 cum
596 639 759 696 medicinam
774 655 831 698 tam

31 785 33 790 ,
92 710 218 772 candide,
238 711 423 793 eleganterque
444 716 576 772 Romanis
596 715 677 772 literis
690 715 832 775 illustrate

92 791 149 856 rit,
175 807 258 876 quam
283 792 385 865 potuit,
405 793 452 869 qui
470 792 610 870 ingenium
629 791 665 848 fic
683 793 716 849 ad
737 811 834 851 omnes

94 865 215 926 scientias
230 865 350 942 versatile
360 868 468 937 habuit,
480 883 511 926 ut
524 869 556 927 ad
571 869 597 926 id
610 887 697 926 unum
710 870 725 927 b
739 886 834 928 natura

94 941 227 1002 formatus
253 943 408 1013 videretur,
440 945 513 1022 quod
540 947 581 1003 vir
607 945 834 1023 praestantissimus

94 1019 211 1078 uastare
222 1019 401 1079 constituisset.
439 1024 480 1079 lta
500 1041 533 1079 ue
547 1042 611 1080 cum
624 1023 696 1098 ejus,
715 1040 776 1100 quae
790 1040 835 1079 ex·

93 1097 176 1163 stant,
196 1095 422 1159 lucubrationibus
434 1041 500 1156 nihil
513 1099 544 1156 iit
557 1100 689 1174 pulcrius,
704 1097 769 1155 nihil
784 1097 834 1156 ele

93 1175 214 1253 gantius,
227 1191 309 1250 quam
322 1188 415 1234 ornate
428 1174 613 1251 Philosophica
625 1174 764 1252 explicasse
776 1187 834 1232 'cres

93 1251 196 1308 dendus
208 1250 262 1306 est?
281 1250 314 1306 de
326 1251 421 1328 quibus
433 1262 488 1308 non
501 1271 584 1329 pauca
596 1253 686 1311 abillo
699 1253 834 1328 scepticae

95 1328 205 1385 imitato
224 1327 323 1404 scripta
342 1328 431 1398 fuisse,
445 1331 586 1388 memoriae
605 1329 723 1406 prodidit
742 1327 834 1385 Fabius

96 1405 291 1481 Quintilianus,
311 1406 339 1463 in
352 1409 383 1464 iis
396 1407 479 1465 etiam
492 1405 570 1466 Celso
602 1406 698 1485 ersaepe
712 1408 723 1479 (
731 1419 761 1463 ut
777 1405 835 1480 ejut

85 1483 129 1540 de
147 1485 273 1542 Oratoria
290 1485 458 1543 Institutione
470 1483 528 1541 libri
548 1426 676 1542 bellantur
690 1492 702 1557 )
716 1481 835 1540 adversa·

96 1576 155 1627 tus,
172 1581 231 1639 quae
245 1560 277 1618 ad
291 1562 448 1620 Oratoriam
458 1576 544 1619 artem
560 1559 718 1637 spectantia,
729 1560 834 1615 utinam

96 1657 163 1695 cum
192 1638 301 1696 infinitis
327 1639 442 1695 aliorum
472 1638 653 1695 voluminibus
686 1648 835 1693 commune

99 1717 269 1790 naufragium
283 1712 420 1787 paffaJnon
432 1714 545 1768 fuissent.
584 1714 658 1764 Nam
673 1714 699 1765 &
713 1711 780 1764 Celsi
795 1713 837 1766 in·

91 1789 207 1866 -genium
227 1788 304 1842 latius
330 1784 548 1861 agnosceremus,
569 1788 596 1841 δι
618 1781 780 1838 Rhetoricos
800 1787 836 1842 ad

35 1915 39 1925 .
96 1863 264 1921 Herennium
277 1859 356 1916 libros
373 1877 428 1915 non
442 1859 525 1914 modo
538 1877 593 1915 non
607 1857 639 1913 ad
652 1855 774 1926 Celsum,
790 1860 835 1932 sed

97 1960 131 1999 ne
149 1940 180 1996 ad
209 1937 376 1995 mediocrem
396 1936 505 2012 quidem
526 1935 592 1993 Celsi
612 1933 763 1991 auditorem
783 1936 835 1994 csse

96 2015 262 2075 referendos,
275 2028 415 2088 tamquam
427 2013 455 2068 in
466 2011 573 2088 speculo
581 2014 592 2087 (
600 2025 630 2070 ut
641 2012 678 2069 est
688 2012 834 2090 inproverq

95 2093 141 2154 bio
149 2091 169 2165 )'
180 2089 407 2166 conspicaremus.

252 2243 521 2321 ClaudiuspVerderius
539 2241 648 2325 Censson.
657 2250 684 2307 in

222 2356 225 2361 ·
319 2327 448 2390 Aunios,
465 2340 521 2400 pag.
545 2345 605 2400 ¹44·

135 2400 275 2459 Cornelius
296 2404 307 2474 (
315 2401 426 2467 Celsus)
448 2404 481 2458 de
496 2403 638 2462 Latinitate
650 2404 686 2460 est
698 2414 754 2462 tam
768 2405 835 2464 bene'

98 2479 227 2545 meritus,
246 2494 276 2536 ut
294 2480 364 2536 inter
383 2479 491 2536 Latinos
513 2480 632 2537 videatur
645 2482 678 2548 is,
699 2482 746 2558 qui
766 2485 835 2541 inter

86 2560 206 2615 ‚Gtaecos
220 2555 416 2632 Theophrastus
435 2555 495 2612 fuit.
514 2558 563 2612 Sed
584 2560 794 2634 Hippocratem,
807 2563 835 2619 δι

96 2637 189 2693 Graeca
203 2654 271 2711 pene
283 2635 376 2692 omnia
391 2652 484 2710 parum
493 2632 602 2692 feliciter
611 2636 697 2693 verrit.
705 2636 836 2713 Exemplo

97 2712 130 2770 fit
142 2711 321 2788 Aphorismus
333 2713 441 2789 quidam
451 2711 635 2787 Hippocratis,
650 2731 730 2787 quem
742 2711 785 2767 ille
798 2712 835 2769 stc

97 2785 344 2876 interpretaturus
363 2791 394 2843 ll.
414 2807 472 2867 cap.
492 2790 556 2848 Vll.
576 2788 646 2846 circa
658 2789 746 2845 finem.
786 2787 835 2846 Al·

89 2867 836 3019 lt:listi:sllipslffllltlllllfassiliit

95 3033 187 3098 autem
200 3019 229 3076 in
241 3019 415 3095 Hippocratis
427 3021 523 3102 Graeco
536 3036 593 3080 nou
604 3023 783 3152 repentinung
793 3017 837 3075 sed

76 3132 78 3137 .
136 3116 139 3123 ·
774 3113 843 3170 pm.
