1882 3502
120 243 251 323 ἈΗΚ
276 249 436 322 CORN.
462 251 599 325 CELSI
624 256 763 330 VITAt

61 346 168 419 dustu
208 367 389 420 contextam
429 371 486 445 pro
520 375 572 425 me
602 378 645 425 res
671 356 734 451 ipsa
762 340 815 430 16³

58 447 184 542 quitur.
262 450 351 536 Quin
391 448 494 545 ipsum
532 447 698 524 Pharmata
728 478 809 552 prae·

58 543 185 622 buiffe‚
216 571 278 620 non
307 546 459 619 mediocri
488 549 611 645 glorii,
647 573 687 623 ex
709 552 809 651 ipsrus

60 645 98 718 nd
123 646 246 744 Julium
275 646 430 718 Calistum
453 647 593 744 Epistola
614 652 806 746 {atisliquen¹

58 751 214 830 Quorum
250 745 448 817 artificiosam
485 747 664 820 mistionem
695 751 723 822 se
753 778 804 823 ac-

56 844 163 916 curate
211 845 388 940 intellexiffe
425 844 532 943 prodit
579 849 644 943 ipse
676 848 732 922 lib.
768 876 802 947 7.

55 969 124 1041 cop.
158 956 215 1016 26.
245 945 345 1018 Unde
368 946 537 1016 Cornarius
568 944 703 1018 fortaffis
723 951 804 1039 inter

56 1043 326 1115 Pharmaceuticos
370 1045 516 1142 reposuit.
591 1046 668 1117 Into
698 1043 806 1121 dedite

56 1145 153 1240 operi
203 1142 240 1212 ab
292 1145 355 1214 aliis
396 1140 594 1239 praetermiffa
668 1146 805 1240 proferre

55 1268 90 1315 ac
123 1238 271 1313 illustrare
304 1241 436 1314 voluiffe
474 1243 592 1314 censuit
619 1240 804 1317 ‘Mirradous

57 1341 150 1411 variae
200 1340 383 1412 eruditionis
427 1340 611 1418 Medicus,
651 1338 691 1410 de
726 1346 807 1412 Exta

62 1436 184 1510 Affeet.
213 1441 272 1511 lib.
304 1465 336 1511 2.
352 1463 419 1534 capt
439 1465 469 1533 ς.
496 1436 708 1531 Maximeque
732 1441 810 1511 Mt·

59 1537 169 1609 dicum
208 1537 276 1626 ejus
313 1535 506 1632 Chirurgica
536 1535 696 1632 probant,
731 1562 806 1632 quae

64 1639 192 1709 Gesneri
202 1636 236 1709 in
254 1637 411 1734 Cataiogo
432 1633 667 1732 Chirurgorum
689 1635 807 1709 senten·

57 1739 118 1818 tit,
134 1757 277 1809 veterum
300 1735 380 1809 soius
397 1735 510 1806 Latine
524 1730 665 1833 ieripfit‚
681 1756 717 1807 ut
732 1738 804 1810 ver&
936 1770 939 1779 ’

60 1833 163 1935 ipsum
192 1837 270 1908 inter
298 1832 475 1934 Chirurgos
511 1855 640 1930 reponat
661 1832 805 1913 doetiffi.

60 1962 132 2008 mus
155 1936 303 2033 Septalius
323 1933 496 2027 Animadv.
515 1935 571 2004 libr
590 1933 623 2004 8.
650 1941 747 2006 Caut.
774 1957 805 2011 t.

60 2044 94 2107 &
124 2060 186 2130 40.
210 2034 316 2106 Tanti
345 2034 424 2131 vero
456 2029 490 2103 id
518 2031 581 2104 fide
602 2035 738 2132 peregit,
765 2054 804 2108 ut

64 2135 287 2230 Hieronymus
301 2133 340 2204 ab
355 2131 806 2228 AquapendenteMedicus&

62 2230 243 2329 Chirurgus
263 2233 321 2303 usu
339 2233 388 2303 vel
402 2233 486 2303 annis
502 2233 617 2302 nemini
635 2231 805 2315 secundus,

63 2333 94 2405 in
115 2338 251 2428 Operat.
275 2328 428 2429 Chirurg.
450 2357 483 2401 ca
508 2370 516 2399 a
534 2328 574 2401 de
594 2329 688 2403 Chir.
704 2336 805 2404 Dent.

64 2429 111 2505 his
143 2430 247 2501 verbis
282 2430 340 2502 sese
368 2431 400 2501 in
438 2354 534 2525 iplius
568 2426 672 2501 laudes
702 2427 804 2502 diffu-

63 2530 177 2606 derit:
230 2527 384 2600 Mrabilt's
435 2531 530 2622 Cclfits
574 2537 605 2596 in
649 2527 806 2598 mnibus:

66 2658 153 2728 quem
206 2626 347 2701 nonme
383 2630 504 2718 verfirre
535 2651 653 2702 manu,
691 2629 827 2719 verfim'

69 2725 206 2810 emt,
253 2731 372 2823 confido.
424 2733 496 2801 Nec
526 2726 670 2795 mirum:
707 2747 812 2818 quum

70 2831 175 2901 Celsus
205 2824 417 2901 eruditissimo
437 2821 594 2899 Manardo
613 2821 718 2922 Epist.
741 2827 814 2897 Me-

66 2925 124 3003 dic.
155 2927 217 3005 tib.
250 2951 286 3017 26
316 2924 421 3027 Epist,
463 2950 490 2997 1.
520 2927 623 2998 bonus
653 2931 687 2997 &
714 2921 815 3015 fidelis

408 3026 529 3102 Νι
731 3021 819 3123 Hip·

408 3229 488 3319 ί
566 3302 569 3308 .
