1882 3502
192 227 209 278 ι
350 208 655 268 monimenti
695 264 697 269 s
741 204 844 268 Liba:

189 312 320 392 appeliant
333 346 342 375 ,
356 333 359 339 ·
372 328 417 388 pet
441 328 506 388 quas
527 307 647 387 spiritum
668 304 798 367 trahimus
812 315 844 369 δι

191 390 336 448 emittimus
358 412 366 454 ;
393 387 483 446 cibum
514 387 703 465 potionemque
731 380 845 446 affami-

191 485 252 526 mus
268 473 295 524 &
314 467 528 544 concoquimus:
554 466 693 542 itemque,
721 482 845 544 petquas

191 543 284 602 eadem
306 541 363 602 haec
382 545 410 600 in
434 562 530 602 omnes
549 543 733 600 membrorum
758 561 846 620 partes

192 623 353 702 digeruntur.
388 623 464 680 Tum
484 620 618 696 requirunt
631 621 735 689 etiam,
763 639 874 701 (μικτος

192 720 264 758 venae
287 698 379 768 nosttae
407 699 492 759 modo
512 698 661 759 submittant
680 699 732 765 se,
758 698 847 758 modo

112 850 115 855 Ι
194 779 331 840 attollant:
360 796 418 856 quae
439 780 505 838 ratio
527 776 637 846 somni,
666 795 725 856 quae
745 777 847 858 vigiliae

194 855 234 914 fit.
271 858 331 914 Sine
344 874 459 934 quotum
473 856 583 921 notitia,
602 857 739 916 neminem
753 873 849 936 potant

194 932 237 991 vel
260 953 417 1005 occurrere,
444 934 483 992 vel
505 934 605 993 mederi
621 935 747 1001 morbis,
777 935 849 992 intra

126 1083 129 1090 Ι
195 1009 250 1070 haec
273 1011 455 1079 nascentibus,
490 1010 568 1090 posse.
606 1017 648 1072 Ex
669 1012 765 1092 quibus
785 1013 900 1090 quiam

196 1109 279 1165 quam
296 1092 416 1148 maxime
434 1091 558 1168 pertincte
576 1089 609 1149 ad
630 1110 687 1150 tem
711 1090 852 1151 concoffio

196 1168 313 1234 videtur,
330 1166 390 1226 huic
401 1167 563 1242 potiffimum
577 1166 714 1236 insistunt3
734 1177 779 1236 δι’,
798 1167 852 1228 du-

196 1265 240 1312 tt,
260 1245 323 1311 alii,
344 1245 528 1311 Erasistratei,
548 1248 620 1304 atteti
628 1247 718 1306 cibum
728 1248 755 1305 in
763 1263 853 1307 ventre

195 1323 374 1382 contendunt:
396 1324 461 1393 alii,
482 1323 623 1385 Plistonico
638 1328 795 1407 Praxagotae
808 1323 852 1384 di-

194 1397 315 1481 scipulo,
336 1402 489 1480 putrescere:
509 1403 666 1463 aliictedont
674 1403 851 1482 Hippocrati,
866 1416 899 1477 ις

194 1497 243 1555 pet
264 1482 377 1540 calorem
399 1482 471 1540 cibos
491 1483 631 1560 concoqui.
667 1481 853 1558 Acceduntqtie

193 1556 355 1638 Asclepiadis
367 1562 476 1629 aemnli,
496 1561 560 1639 qui,
580 1560 673 1618 omnia
691 1557 851 1618 istavana&

194 1629 348 1714 supervacua
372 1636 446 1706 effe,
479 1657 639 1715 proponunt.
675 1637 752 1695 Nihil
775 1636 851 1694 enim

195 1717 342 1790 concoqui,
363 1713 439 1769 stdm
452 1713 723 1773 crudammatetiam,
742 1710 851 1765 ficutass

195 1783 298 1860 sumpta
308 1785 362 1848 est,
382 1788 410 1840 in
418 1803 602 1859 corposomne
615 1783 713 1841 diduci.
750 1786 782 1840 Et
794 1782 849 1844 haec
865 1805 904 1852 20

197 1861 307 1938 quidem
322 1863 439 1927 inteteos
454 1878 546 1937 pamm
557 1857 684 1916 constant.
711 1858 850 1920 Illudveto

196 1939 341 2003 convenit,
368 1936 450 1994 olium
471 1936 589 1995 dandum
605 1937 851 1999 cibumlabotanti-

197 2017 246 2075 bus
255 2015 289 2082 ,fi
299 2013 350 2072 hoc
359 2014 456 2081 auum
465 2041 473 2079 ,
483 2013 574 2071 stillud
583 2013 726 2073 vetumest.
745 2021 818 2076 Nam
830 2019 851 2077 fi

196 2094 285 2150 teritur
300 2092 384 2156 intus,
404 2110 466 2148 eum
481 2091 648 2167 quaeteudum
665 2088 730 2159 offe,
750 2097 796 2172 qui
810 2094 850 2155 fa·

194 2168 347 2227 oillimeteti
357 2166 440 2245 poffit.
477 2172 502 2227 Si
513 2170 649 2244 putrescit,
668 2191 730 2230 eum
740 2174 786 2238 ,in
794 2191 849 2251 quo
864 2193 897 2251 25

195 2245 249 2304 hoc
262 2243 538 2324 expeditiffimumtstt
575 2251 600 2306 Si
615 2249 849 2329 colotconcoquit3

169 2372 172 2379 .
194 2342 258 2382 tum
273 2361 281 2390 ,
302 2327 349 2400 qui
364 2327 483 2385 maximo
497 2327 610 2384 calorem
625 2325 719 2385 foveat.
757 2332 792 2387 At
807 2331 849 2389 ni·
931 2374 936 2381 -

194 2400 235 2460 hil
252 2422 285 2460 ex
307 2401 349 2460 his
370 2396 418 2460 effe
439 2404 637 2482 quaerendum,
663 2404 771 2464 st'niltil
786 2426 850 2465 cou-

194 2480 333 2558 eoquitut:
352 2499 381 2538 ta
403 2501 465 2539 veto
488 2479 629 2546 sumenda,
650 2500 708 2559 quae
730 2486 849 2543 maxime

195 2575 323 2626 mantnt,
350 2560 437 2638 qualia
450 2557 577 2638 assompta
593 2559 659 2617 sunt.
696 2561 849 2642 Eademque
864 2583 901 2643 3o

195 2637 313 2704 tatione,
333 2657 394 2696 cum
410 2635 512 2715 spiritus
529 2639 613 2719 gravit
628 2635 682 2703 est,
702 2655 763 2698 cum
778 2640 849 2699 som-

195 2733 245 2773 nus
258 2717 404 2798 autvigilia
419 2735 510 2796 urget,
529 2737 589 2775 eum
609 2716 707 2773 mederi
724 2711 793 2792 posse
808 2737 849 2776 at·

194 2791 340 2857 bittantut,
360 2797 404 2871 qui
423 2798 493 2870 ptius
509 2795 552 2851 ilia
564 2794 617 2871 ipsa
633 2832 641 2858 ‚
670 2795 778 2871 qualiter
791 2815 849 2854 eve-

67 2864 72 2872 ’
95 2888 121 2940 4,
141 2895 182 2946 27.
196 2871 283 2937 uiant,
301 2873 451 2949 percepetit.
487 2871 654 2939 Ptaetcthaec,
674 2873 848 2961 cumininte-

380 2983 384 2993 ι
771 2969 848 3008 nott·

142 3143 144 3148 .
226 3087 236 3136 1
251 3085 358 3138 Macrob.
372 3092 446 3141 sttui.
461 3105 511 3142 vti.
522 3107 560 3152 ις.
581 3087 709 3142 meatim
719 3081 847 3145 metm,

186 3151 258 3212 Atat.
267 3150 354 3216 Motb.
365 3154 385 3209 1.
396 3169 417 3209 t.
430 3171 452 3208 c.
462 3171 502 3216 ιι..
