1882 3502
203 237 329 309 AUR.
354 234 514 303 CORN.
540 233 678 302 CELSI
703 230 845 304 VITA:

145 333 273 411 nenses,
298 335 365 412 ait,
394 355 469 402 cum
497 329 693 410 Macrobio‚
719 329 895 412 Vitruvio}

157 439 191 504 δι
215 431 342 506 Plinio,
370 431 498 502 Celsum
533 452 666 522 quoque
695 429 790 500 suum
818 449 894 499 ortu

155 532 258 602 civem
285 529 457 627 agnoscere.
514 529 688 599 Librorum
718 526 895 623 inscriptio-

155 629 249 700 nibus
291 626 473 719 hujusmodi
518 624 723 717 divinationes
765 625 896 699 stabiliri

124 724 301 822 'assolent¹
359 724 421 799 Sed
447 726 568 825 ,exigui
606 726 762 796 momenti
789 726 898 797 muni-

155 848 276 902 mento.
333 827 456 899 Notius
496 827 579 898 enim
614 823 683 905 est,
728 849 825 918 quam
861 843 898 896 ut

89 1010 92 1014 ⁴
154 926 299 1024 pluribus
340 924 571 1005 confirmetur,
619 924 790 995 Librorum
818 925 898 995 titu-

155 1025 204 1111 los
239 1026 467 1096 Literatoribus
500 1031 534 1096 &
577 1023 732 1095 Librariis
769 1024 899 1094 arbitra·

156 1123 220 1194 rios
255 1121 367 1199 fuisse,
397 1125 518 1216 vixque
544 1143 687 1194 veterum
715 1124 901 1219 quempiam

159 1222 215 1294 ulli
265 1223 396 1293 suorum
447 1221 760 1292 Commentariorum
802 1219 908 1314 quid-¹

155 1345 258 1420 quarn
291 1319 502 1420 praenotasse‚
541 1319 688 1392 referente
729 1317 769 1392 de
803 1321 898 1392 semet

117 1439 120 1445 '
159 1419 294 1519 idipsum
332 1424 455 1494 Galeno
497 1421 553 1492 lib.
589 1447 622 1514 7.
663 1417 773 1490 Meth.
801 1417 899 1496 Med.

162 1544 231 1617 cap.
267 1547 296 1593 1.
318 1524 375 1615 qui
398 1522 431 1595 id
452 1519 553 1596 officii
576 1522 613 1590 ab
629 1519 753 1590 Amicis
767 1516 898 1590 habuit:

161 1613 247 1691 haud
277 1619 376 1693 dubie
397 1619 486 1693 istius
508 1621 567 1692 aevi
591 1616 768 1696 modestis,
806 1615 916 1708 quod*

89 1760 92 1766 -
160 1719 283 1814 ingenia
326 1719 527 1787 admiratione
561 1716 715 1807 superiora
756 1717 901 1806 protulit.

161 1812 359 1887 Sedenim,
396 1833 432 1880 ut
461 1813 538 1881 mala
572 1811 712 1905 exempla
739 1833 778 1887 ex
806 1809 899 1884 bonis

121 1938 126 1947 ’
159 1912 257 2007 initiis
273 1932 365 1983 orta:
397 1915 445 1980 Ita
473 1935 512 1980 ex
538 1909 674 1991 aemula,
702 1909 733 1979 in
762 1913 901 2004 conqui-

159 2009 261 2091 rendis
308 2033 497 2105 magnorum
545 2006 744 2104 ingeniorum
783 2033 899 2082 monu-

159 2109 300 2196 mentis,
342 2106 523 2203 Principum
564 2105 806 2198 munificentia‚
848 2135 898 2181 ac·

158 2204 312 2279 crescente
356 2207 503 2305 paulatim
539 2207 758 2278 Librariorum
800 2211 904 2303 avari·¹

158 2307 220 2388 tid,
242 2329 350 2378 omnes
370 2302 468 2402 prope
487 2309 686 2404 optimorum
704 2308 800 2377 etiarn
823 2311 896 2378 Au-

157 2425 266 2477 torum
287 2405 532 2502 praescriptiones
562 2406 708 2503 impune,
732 2403 772 2477 ad
794 2407 898 2477 lucro·

156 2506 219 2576 sam
240 2504 395 2598 cujusque
417 2505 606 2587 libidinem,
636 2507 810 2576 immutatae
827 2534 846 2580 ,¹
860 2530 898 2577 ne

113 2634 117 2639 ·
156 2602 257 2677 dicam
282 2601 470 2677 adulterata.

206 2708 320 2797 Atque
350 2725 387 2777 ut
415 2700 454 2775 ad
479 2704 607 2777 Celsum
628 2698 752 2775 redeam
766 2730 778 2786 3
813 2707 912 2796 quot'

152 2800 221 2891 ejus
264 2794 359 2876 hodie
395 2798 588 2885 Editiones,
621 2811 672 2875 tot
708 2801 806 2874 ferme
841 2810 898 2874 In·

145 2896 354 3002 scriptiones-s
368 2898 509 2984 diversae.
586 2900 725 3007 ‚cerarii
771 2897 894 2997 babet,
