2088 3708
245 192 287 267 ¹'2
429 205 464 260 A.
483 203 601 260 eoru.
620 199 735 260 Curet
809 201 867 260 Lib.
890 221 921 261 r.

270 311 363 368 lerunt.
398 309 477 385 Qtos
492 325 580 374 tamen
603 312 737 368 Homerus
753 307 849 367 nonin
872 326 922 384 pe-

213 437 220 447 s
270 384 404 453 ssilentia,
433 404 515 462 neque
538 387 566 444 in
586 387 663 444 variis
686 384 822 462 generibus
846 401 923 462 mor·
971 410 977 426 ·

141 477 145 486 “
272 464 368 522 borum
382 463 484 542 aliquid*
498 462 606 522 attulisse
630 463 722 532 auxilii
738 479 748 528 ,·
776 459 817 520 sed
833 463 924 520 vulue-
941 479 943 486 ’

273 541 344 600 ribus
371 541 557 602 tantummodo
579 537 647 600 ferro
673 547 700 598 &
724 539 925 599 medicamentis

274 619 374 679 mederi
397 619 482 679 solitos
504 615 551 676 else
572 617 714 697 proposuit.
750 620 791 675 Ex
807 637 861 696 quo
875 635 954 695 ap·5

221 711 225 721 “
275 716 361 775 paret,
382 697 429 757 has
450 713 532 776 partes
547 695 683 754 medicittae
695 692 811 770 solas-ab
827 694 867 774 bis
885 694 924 755 es-

209 797 216 815 ·
274 774 299 836 st
324 794 447 841 tertiatur,
474 771 626 854 easqueesse
647 771 834 833 vetustissimus.
871 775 926 830 Eo·

274 853 390 934 demque
427 853 533 912 auclore
570 851 634 910 disci
668 848 775 928 potest,
815 850 927 908 morbos
1032 865 1033 934 l

274 947 331 990 tum
354 933 388 992 ad
415 933 483 991 iram
505 929 616 990 deorum
639 929 832 987 immortalium
861 928 926 986 rela-
1032 935 1033 998 l

275 1005 316 1066 tos'
331 1001 397 1078 else3
424 1017 451 1068 &
465 1009 498 1067 ab
512 1007 604 1068 iisdem
621 1027 702 1085 opem
726 1003 795 1085 posci
811 1004 927 1074 solitam.
944 1025 978 1064 to

276 1087 391 1164 Verique
413 1084 496 1145 simile
510 1083 564 1151 cst,
585 1087 657 1144 ‚inter
673 1101 727 1142 nou
748 1084 830 1142 multa
852 1083 929 1142 auxi-

276 1164 313 1222 lia
326 1165 435 1224 adversae
459 1161 635 1230 valetudinis,
664 1163 817 1240 plerumque
838 1177 928 1220 tamen

277 1261 337 1300 eam
368 1243 466 1301 bonam
489 1239 622 1323 contigisse
652 1239 689 1299 ob
715 1240 800 1298 bonos
821 1257 929 1306 mores,

259 1335 261 1343 ’
279 1339 348 1396 quos
367 1339 452 1398 neque
473 1319 594 1386 dcfidia,
627 1335 711 1398 neque
730 1317 832 1376 luxuria
855 1319 931 1375 titia-

279 1415 347 1456 rant.
382 1399 517 1480 Siquidem
533 1397 587 1457 hoec
601 1397 654 1456 duo
669 1413 796 1472 corpora,
817 1394 889 1470 prius
902 1397 931 1454 itt
948 1421 977 1480 ¹5

280 1477 381 1539 Gtaecia
396 1517 405 1545 ‚
444 1477 569 1542 edeinde
594 1473 664 1553 apud
695 1492 744 1530 nos
773 1469 932 1540 afflixerunt.
979 1487 987 1500 ³

220 1585 222 1590 ·
280 1553 396 1637 Ideoque
418 1555 557 1634 multiplex
582 1553 629 1612 ista
657 1549 812 1616 medicina,
847 1569 932 1628 neque

280 1631 369 1702 olim,
396 1652 480 1714 neque
500 1631 570 1712 apud
591 1632 655 1691 aliis
671 1645 757 1710 gentes
779 1621 933 1702 necessaria,

280 1713 327 1768 vix
343 1712 443 1788 aliquot
464 1731 498 1769 cx
520 1711 598 1766 nobis
620 1709 654 1766 ad
676 1706 809 1766 senestutis
836 1708 932 1783 prioci=

282 1789 328 1918 pia
346 1785 468 1863 perducit.
506 1787 577 1862 Ergo
592 1786 670 1841 etiam
680 1779 738 1872 post
752 1802 814 1850 eos,
834 1781 932 1861 dequi-
946 1811 984 1854 20

302 1880 331 1918 us
346 1861 420 1919 retuli
435 1897 445 1927 ,
476 1859 542 1916 nulli
555 1859 620 1917 clati
640 1860 689 1917 virt
704 1859 862 1919 medicinam
884 1881 932 1920 ex·

282 1953 417 1997 creuerunt
439 1964 447 2007 ς
482 1935 572 2004 donec
591 1935 691 2012 majore
730 1935 821 2000 studio
849 1938 934 2000 litera-

282 2035 344 2074 runt
383 2015 516 2092 disciplina
550 2016 642 2098 agitari
678 2018 785 2096 coepit,
819 2036 877 2096 quae
906 2037 935 2078 ut

282 2095 376 2150 animo
405 2093 535 2172 praecipue'
561 2094 686 2153 omnium
716 2092 874 2161 necessaria,
900 2096 934 2157 stc
993 2111 998 2131 ¹

282 2171 388 2248 corpori
415 2173 525 2231 inimica
547 2171 595 2229 est.
638 2174 782 2249 Primoque
807 2173 934 2235 medendi
947 2196 984 2262 ²5

284 2246 412 2316 scientia,
439 2248 568 2328 sapientiae
591 2269 649 2329 pars
672 2250 836 2320 habebatur,
864 2269 892 2310 ut
906 2261 935 2314 &

284 2327 442 2386 morborum
460 2331 575 2395 curatio,
601 2335 628 2387 δι
649 2349 736 2390 rerum
752 2347 849 2389 uaturae
870 2350 936 2392 con-

284 2405 420 2483 templatio
449 2404 494 2464 sub
516 2405 608 2465 iisdem
631 2406 780 2467 ausloribus
804 2425 864 2466 nata
886 2407 936 2470 stt:

189 2503 271 2547 tneo.
284 2479 376 2542 scilicet
397 2483 438 2542 his
458 2482 526 2543 hanc
547 2486 667 2548 maxime
687 2485 703 2534 f
727 2485 936 2563 requirentibus,
1032 2491 1033 2512 l

285 2564 331 2639 qui
367 2581 509 2642 corporum
545 2562 651 2621 suorum
682 2562 777 2622 robora
817 2565 937 2642 inquieta
951 2584 988 2643 qo

285 2641 466 2722 cogitatione,
503 2642 680 2720 nodiutnaque
715 2641 805 2723 vigilia
831 2646 939 2702 'minue-

285 2739 352 2781 rant.
393 2721 509 2798 Ideoque
540 2717 637 2778 multos
664 2737 698 2776 ex
722 2715 851 2799 sapientiae
874 2739 939 2798 pro-
1032 2775 1033 2794 q

285 2795 419 2857 sessoribus
449 2801 543 2876 peritos
579 2797 631 2874 cjtts
661 2788 735 2855 soille
771 2798 938 2874 accepimus:
1032 2811 1033 2814 ’

283 2875 437 2936 elariffimos
459 2874 518 2934 vero
539 2894 572 2934 ex
604 2873 646 2934 bis
664 2875 876 2958 Pythagoram,¹
907 2883 938 2937 δι

755 2997 761 3008 ,
833 2957 938 3032 Empe·

318 3072 937 3160 eServodVirg.Aeu31·64t.1fid.Orig'Latinumr.

288 3151 938 3218 poter-Surdasvncpotulsealiusnurelianssuard.
1032 3179 1033 3182 ¹

289 3217 347 3270 Pali.
355 3219 370 3270 1.
377 3218 584 3284 ucodlippocmt.
592 3217 931 3277 uenooirdenumomrr.
