<?xml version="1.0" encoding="UTF-8"?>
<!DOCTYPE html PUBLIC "-//W3C//DTD XHTML 1.0 Transitional//EN"
    "http://www.w3.org/TR/xhtml1/DTD/xhtml1-transitional.dtd">
<html xmlns="http://www.w3.org/1999/xhtml" xml:lang="en" lang="en">
 <head>
  <title>
</title>
<meta http-equiv="Content-Type" content="text/html;charset=utf-8" />
  <meta name='ocr-system' content='tesseract 3.04.00' />
  <meta name='ocr-capabilities' content='ocr_page ocr_carea ocr_par ocr_line ocrx_word'/>
</head>
<body>
  <div class='ocr_page' id='page_1' title='image "aurcorncelsidem00rodegoog_0065.png"; bbox 0 0 1882 3502; ppageno 0'>
   <div class='ocr_carea' id='block_1_1' title="bbox 122 205 826 290">
    <p class='ocr_par' dir='ltr' id='par_1_1' title="bbox 122 205 826 290">
     <span class='ocr_line' id='line_1_1' title="bbox 122 205 826 290; baseline -0.004 -21"><span class='ocrx_word' id='word_1_1' title='bbox 122 205 201 290; x_wconf 65' lang='lat' dir='ltr'>Pras.</span> <span class='ocrx_word' id='word_1_2' title='bbox 334 210 565 272; x_wconf 70' lang='lat' dir='ltr'>Mnmcruu,</span> <span class='ocrx_word' id='word_1_3' title='bbox 739 231 772 275; x_wconf 71' lang='grc' dir='ltr'>ιι</span> <span class='ocrx_word' id='word_1_4' title='bbox 824 216 826 227; x_wconf 62' lang='lat'>‘</span> 
     </span>
    </p>
   </div>
   <div class='ocr_carea' id='block_1_2' title="bbox 80 299 871 2878">
    <p class='ocr_par' dir='ltr' id='par_1_2' title="bbox 80 299 871 2878">
     <span class='ocr_line' id='line_1_2' title="bbox 120 299 775 386; baseline 0.006 -18"><span class='ocrx_word' id='word_1_5' title='bbox 120 299 230 368; x_wconf 75' lang='lat' dir='ltr'>discreia</span> <span class='ocrx_word' id='word_1_6' title='bbox 253 304 319 365; x_wconf 82' lang='lat' dir='ltr'>bene</span> <span class='ocrx_word' id='word_1_7' title='bbox 342 309 439 375; x_wconf 84' lang='lat' dir='ltr'>norit,</span> <span class='ocrx_word' id='word_1_8' title='bbox 467 307 535 368; x_wconf 86' lang='lat' dir='ltr'>huuc</span> <span class='ocrx_word' id='word_1_9' title='bbox 558 309 693 386; x_wconf 78' lang='lat' dir='ltr'>aliquanto</span> <span class='ocrx_word' id='word_1_10' title='bbox 714 331 775 372; x_wconf 81' lang='lat' dir='ltr'>ma-</span> 
     </span>
     <span class='ocr_line' id='line_1_3' title="bbox 122 385 775 466; baseline 0.009 -21"><span class='ocrx_word' id='word_1_11' title='bbox 122 388 208 464; x_wconf 83' lang='lat' dir='ltr'>jorenr</span> <span class='ocrx_word' id='word_1_12' title='bbox 223 385 358 444; x_wconf 87' lang='lat' dir='ltr'>medicum</span> <span class='ocrx_word' id='word_1_13' title='bbox 372 385 488 445; x_wconf 80' lang='lat' dir='ltr'>futurum</span> <span class='ocrx_word' id='word_1_14' title='bbox 505 425 514 454; x_wconf 89' lang='lat'>,</span> <span class='ocrx_word' id='word_1_15' title='bbox 533 407 614 466; x_wconf 81' lang='lat' dir='ltr'>quarn</span> <span class='ocrx_word' id='word_1_16' title='bbox 630 388 648 445; x_wconf 84' lang='lat' dir='ltr'>fi</span> <span class='ocrx_word' id='word_1_17' title='bbox 663 387 716 450; x_wconf 86' lang='lat' dir='ltr'>fine</span> <span class='ocrx_word' id='word_1_18' title='bbox 728 389 775 451; x_wconf 91' lang='lat' dir='ltr'>usu</span> 
     </span>
     <span class='ocr_line' id='line_1_4' title="bbox 123 461 776 547; baseline 0.008 -25"><span class='ocrx_word' id='word_1_19' title='bbox 123 467 247 544; x_wconf 82' lang='lat' dir='ltr'><strong>linguam</strong></span> <span class='ocrx_word' id='word_1_20' title='bbox 268 461 341 522; x_wconf 84' lang='lat' dir='ltr'>suam</span> <span class='ocrx_word' id='word_1_21' title='bbox 364 465 512 522; x_wconf 79' lang='lat' dir='ltr'>excoluerit.</span> <span class='ocrx_word' id='word_1_22' title='bbox 556 466 641 544; x_wconf 72' lang='lat' dir='ltr'>Atque</span> <span class='ocrx_word' id='word_1_23' title='bbox 662 488 691 524; x_wconf 80' lang='lat' dir='ltr'>ea</span> <span class='ocrx_word' id='word_1_24' title='bbox 716 471 776 547; x_wconf 90' lang='lat' dir='ltr'>qui-</span> 
     </span>
     <span class='ocr_line' id='line_1_5' title="bbox 122 540 778 620; baseline 0.008 -20"><span class='ocrx_word' id='word_1_25' title='bbox 122 544 205 610; x_wconf 84' lang='lat' dir='ltr'>dem,</span> <span class='ocrx_word' id='word_1_26' title='bbox 226 543 362 618; x_wconf 85' lang='lat' dir='ltr'>dequibus</span> <span class='ocrx_word' id='word_1_27' title='bbox 376 540 413 599; x_wconf 90' lang='lat' dir='ltr'>cst</span> <span class='ocrx_word' id='word_1_28' title='bbox 424 542 544 608; x_wconf 61' lang='lat' dir='ltr'>dicium,</span> <span class='ocrx_word' id='word_1_29' title='bbox 565 544 716 620; x_wconf 83' lang='lat' dir='ltr'>supervacua</span> <span class='ocrx_word' id='word_1_30' title='bbox 729 543 778 605; x_wconf 83' lang='lat' dir='ltr'>esse</span> 
     </span>
     <span class='ocr_line' id='line_1_6' title="bbox 99 619 817 700; baseline 0.007 -21"><span class='ocrx_word' id='word_1_31' title='bbox 99 619 324 694; x_wconf 70' lang='lat' dir='ltr'>§tautummodo</span> <span class='ocrx_word' id='word_1_32' title='bbox 359 620 389 678; x_wconf 92' lang='lat' dir='ltr'>Id</span> <span class='ocrx_word' id='word_1_33' title='bbox 401 640 478 688; x_wconf 85' lang='lat' dir='ltr'>vero,</span> <span class='ocrx_word' id='word_1_34' title='bbox 498 622 570 700; x_wconf 89' lang='lat' dir='ltr'>quod</span> <span class='ocrx_word' id='word_1_35' title='bbox 585 621 675 688; x_wconf 82' lang='lat' dir='ltr'>restat,</span> <span class='ocrx_word' id='word_1_36' title='bbox 694 627 775 684; x_wconf 84' lang='lat' dir='ltr'>eriam</span> <span class='ocrx_word' id='word_1_37' title='bbox 815 632 817 636; x_wconf 70' lang='lat'>‘</span> 
     </span>
     <span class='ocr_line' id='line_1_7' title="bbox 124 697 776 782; baseline 0.008 -25"><span class='ocrx_word' id='word_1_38' title='bbox 124 699 255 767; x_wconf 84' lang='lat' dir='ltr'>crudele;</span> <span class='ocrx_word' id='word_1_39' title='bbox 282 702 401 756; x_wconf 82' lang='lat' dir='ltr'>vivorum</span> <span class='ocrx_word' id='word_1_40' title='bbox 424 697 568 758; x_wconf 87' lang='lat' dir='ltr'>homiuum</span> <span class='ocrx_word' id='word_1_41' title='bbox 597 701 685 758; x_wconf 84' lang='lat' dir='ltr'>alvum</span> <span class='ocrx_word' id='word_1_42' title='bbox 700 723 776 782; x_wconf 86' lang='lat' dir='ltr'>atque</span> 
     </span>
     <span class='ocr_line' id='line_1_8' title="bbox 126 776 855 859; baseline 0.008 -25"><span class='ocrx_word' id='word_1_43' title='bbox 126 776 270 854; x_wconf 84' lang='lat' dir='ltr'>praecordia</span> <span class='ocrx_word' id='word_1_44' title='bbox 285 777 365 836; x_wconf 86' lang='lat' dir='ltr'>incidi</span> <span class='ocrx_word' id='word_1_45' title='bbox 385 803 393 845; x_wconf 76' lang='lat'>3</span> <span class='ocrx_word' id='word_1_46' title='bbox 420 786 446 835; x_wconf 75' lang='grc' dir='ltr'>δι</span> <span class='ocrx_word' id='word_1_47' title='bbox 464 777 549 837; x_wconf 78' lang='lat' dir='ltr'>salutis</span> <span class='ocrx_word' id='word_1_48' title='bbox 564 778 686 838; x_wconf 74' lang='lat' dir='ltr'>humanu</span> <span class='ocrx_word' id='word_1_49' title='bbox 713 801 775 859; x_wconf 87' lang='lat' dir='ltr'>prae-</span> <span class='ocrx_word' id='word_1_50' title='bbox 786 793 812 837; x_wconf 72' lang='lat'>42</span> <span class='ocrx_word' id='word_1_51' title='bbox 826 796 855 840; x_wconf 84' lang='lat'>4·</span> 
     </span>
     <span class='ocr_line' id='line_1_9' title="bbox 125 855 779 936; baseline 0.005 -22"><span class='ocrx_word' id='word_1_52' title='bbox 125 855 211 914; x_wconf 82' lang='lat' dir='ltr'>fidem</span> <span class='ocrx_word' id='word_1_53' title='bbox 225 874 327 923; x_wconf 81' lang='lat' dir='ltr'>acrem,</span> <span class='ocrx_word' id='word_1_54' title='bbox 345 877 400 914; x_wconf 90' lang='lat' dir='ltr'>non</span> <span class='ocrx_word' id='word_1_55' title='bbox 415 856 500 916; x_wconf 82' lang='lat' dir='ltr'>solum</span> <span class='ocrx_word' id='word_1_56' title='bbox 517 855 714 936; x_wconf 78' lang='lat' dir='ltr'>pcstcnruiicni,</span> <span class='ocrx_word' id='word_1_57' title='bbox 735 859 779 917; x_wconf 87' lang='lat' dir='ltr'>sed</span> 
     </span>
     <span class='ocr_line' id='line_1_10' title="bbox 127 932 780 1014; baseline 0.008 -23"><span class='ocrx_word' id='word_1_58' title='bbox 127 932 198 992; x_wconf 83' lang='lat' dir='ltr'>hanc</span> <span class='ocrx_word' id='word_1_59' title='bbox 211 937 291 992; x_wconf 85' lang='lat' dir='ltr'>etiarn</span> <span class='ocrx_word' id='word_1_60' title='bbox 306 933 491 993; x_wconf 79' lang='lat' dir='ltr'>atrocissimam</span> <span class='ocrx_word' id='word_1_61' title='bbox 505 934 613 993; x_wconf 84' lang='lat' dir='ltr'>inferre:</span> <span class='ocrx_word' id='word_1_62' title='bbox 632 956 693 993; x_wconf 92' lang='lat' dir='ltr'>curn</span> <span class='ocrx_word' id='word_1_63' title='bbox 715 956 780 1014; x_wconf 86' lang='lat' dir='ltr'>prae·</span> 
     </span>
     <span class='ocr_line' id='line_1_11' title="bbox 80 1011 783 1091; baseline 0 -21"><span class='ocrx_word' id='word_1_64' title='bbox 80 1011 217 1077; x_wconf 79' lang='lat' dir='ltr'>rosetum</span> <span class='ocrx_word' id='word_1_65' title='bbox 232 1033 266 1071; x_wconf 81' lang='lat' dir='ltr'>ex</span> <span class='ocrx_word' id='word_1_66' title='bbox 280 1011 321 1070; x_wconf 84' lang='lat' dir='ltr'>his</span> <span class='ocrx_word' id='word_1_67' title='bbox 337 1050 346 1078; x_wconf 90' lang='lat'>‚</span> <span class='ocrx_word' id='word_1_68' title='bbox 373 1031 431 1089; x_wconf 72' lang='lat' dir='ltr'>qux</span> <span class='ocrx_word' id='word_1_69' title='bbox 441 1031 510 1071; x_wconf 86' lang='lat' dir='ltr'>tauta</span> <span class='ocrx_word' id='word_1_70' title='bbox 525 1014 648 1071; x_wconf 80' lang='lat' dir='ltr'>violentia</span> <span class='ocrx_word' id='word_1_71' title='bbox 664 1034 783 1091; x_wconf 74' lang='lat' dir='ltr'>quaeran-</span> 
     </span>
     <span class='ocr_line' id='line_1_12' title="bbox 130 1090 782 1169; baseline 0.008 -23"><span class='ocrx_word' id='word_1_72' title='bbox 130 1109 172 1147; x_wconf 85' lang='lat' dir='ltr'>rur</span> <span class='ocrx_word' id='word_1_73' title='bbox 189 1128 197 1156; x_wconf 90' lang='lat'>,</span> <span class='ocrx_word' id='word_1_74' title='bbox 216 1091 267 1147; x_wconf 81' lang='lat' dir='ltr'>asia</span> <span class='ocrx_word' id='word_1_75' title='bbox 280 1110 335 1147; x_wconf 88' lang='lat' dir='ltr'>nou</span> <span class='ocrx_word' id='word_1_76' title='bbox 351 1091 443 1168; x_wconf 83' lang='lat' dir='ltr'>poffint</span> <span class='ocrx_word' id='word_1_77' title='bbox 456 1093 572 1149; x_wconf 85' lang='lat' dir='ltr'>omnino</span> <span class='ocrx_word' id='word_1_78' title='bbox 587 1090 730 1169; x_wconf 77' lang='lat' dir='ltr'>cognosci,</span> <span class='ocrx_word' id='word_1_79' title='bbox 751 1112 782 1151; x_wconf 79' lang='lat' dir='ltr'>a·</span> 
     </span>
     <span class='ocr_line' id='line_1_13' title="bbox 129 1165 868 1246; baseline 0.005 -22"><span class='ocrx_word' id='word_1_80' title='bbox 129 1167 166 1224; x_wconf 86' lang='lat' dir='ltr'>lia</span> <span class='ocrx_word' id='word_1_81' title='bbox 190 1167 285 1246; x_wconf 79' lang='lat' dir='ltr'>possint</span> <span class='ocrx_word' id='word_1_82' title='bbox 306 1169 385 1226; x_wconf 84' lang='lat' dir='ltr'>ctiam</span> <span class='ocrx_word' id='word_1_83' title='bbox 411 1168 463 1227; x_wconf 81' lang='lat' dir='ltr'>fine</span> <span class='ocrx_word' id='word_1_84' title='bbox 485 1165 582 1227; x_wconf 86' lang='lat' dir='ltr'>scelere.</span> <span class='ocrx_word' id='word_1_85' title='bbox 619 1171 693 1227; x_wconf 86' lang='lat' dir='ltr'>Nam</span> <span class='ocrx_word' id='word_1_86' title='bbox 709 1171 868 1236; x_wconf 66' lang='lat' dir='ltr'>colo-7211.</span> 
     </span>
     <span class='ocr_line' id='line_1_14' title="bbox 130 1247 831 1317; baseline 0.007 -15"><span class='ocrx_word' id='word_1_87' title='bbox 130 1264 208 1311; x_wconf 87' lang='lat' dir='ltr'>rem,</span> <span class='ocrx_word' id='word_1_88' title='bbox 230 1247 350 1304; x_wconf 82' lang='lat' dir='ltr'>laevorem</span> <span class='ocrx_word' id='word_1_89' title='bbox 361 1285 369 1314; x_wconf 86' lang='lat'>‚</span> <span class='ocrx_word' id='word_1_90' title='bbox 388 1248 527 1317; x_wconf 77' lang='lat' dir='ltr'>mollitiem</span> <span class='ocrx_word' id='word_1_91' title='bbox 538 1285 546 1312; x_wconf 88' lang='lat'>‚</span> <span class='ocrx_word' id='word_1_92' title='bbox 557 1248 698 1311; x_wconf 84' lang='lat' dir='ltr'>duritiem,</span> <span class='ocrx_word' id='word_1_93' title='bbox 709 1247 782 1307; x_wconf 83' lang='lat' dir='ltr'>fimi·</span> <span class='ocrx_word' id='word_1_94' title='bbox 829 1252 831 1256; x_wconf 50' lang='lat'><strong>⁴</strong></span> 
     </span>
     <span class='ocr_line' id='line_1_15' title="bbox 130 1320 783 1400; baseline 0.006 -21"><span class='ocrx_word' id='word_1_95' title='bbox 130 1323 219 1400; x_wconf 86' lang='lat' dir='ltr'>liaque</span> <span class='ocrx_word' id='word_1_96' title='bbox 239 1325 356 1390; x_wconf 86' lang='lat' dir='ltr'>omnia,</span> <span class='ocrx_word' id='word_1_97' title='bbox 376 1344 431 1380; x_wconf 89' lang='lat' dir='ltr'>non</span> <span class='ocrx_word' id='word_1_98' title='bbox 447 1320 494 1380; x_wconf 85' lang='lat' dir='ltr'>esse</span> <span class='ocrx_word' id='word_1_99' title='bbox 512 1325 598 1388; x_wconf 80' lang='lat' dir='ltr'>talia,</span> <span class='ocrx_word' id='word_1_100' title='bbox 624 1322 705 1379; x_wconf 83' lang='lat' dir='ltr'>inciso</span> <span class='ocrx_word' id='word_1_101' title='bbox 725 1343 783 1383; x_wconf 88' lang='lat' dir='ltr'>cor-</span> 
     </span>
     <span class='ocr_line' id='line_1_16' title="bbox 88 1398 786 1486; baseline 0.001 -28"><span class='ocrx_word' id='word_1_102' title='bbox 88 1398 197 1486; x_wconf 79' lang='lat' dir='ltr'>&#39;15pore</span> <span class='ocrx_word' id='word_1_103' title='bbox 212 1439 221 1467; x_wconf 88' lang='lat'>,</span> <span class='ocrx_word' id='word_1_104' title='bbox 248 1403 337 1479; x_wconf 82' lang='lat' dir='ltr'>qualia</span> <span class='ocrx_word' id='word_1_105' title='bbox 352 1403 455 1481; x_wconf 82' lang='lat' dir='ltr'>integro</span> <span class='ocrx_word' id='word_1_106' title='bbox 473 1399 576 1456; x_wconf 89' lang='lat' dir='ltr'>sucriur.</span> <span class='ocrx_word' id='word_1_107' title='bbox 611 1400 688 1454; x_wconf 86' lang='lat' dir='ltr'>Turn</span> <span class='ocrx_word' id='word_1_108' title='bbox 701 1403 786 1474; x_wconf 85' lang='lat' dir='ltr'>quia,</span> 
     </span>
     <span class='ocr_line' id='line_1_17' title="bbox 131 1475 787 1555; baseline 0 -18"><span class='ocrx_word' id='word_1_109' title='bbox 131 1480 285 1555; x_wconf 81' lang='lat' dir='ltr'>corporibus</span> <span class='ocrx_word' id='word_1_110' title='bbox 312 1479 468 1539; x_wconf 77' lang='lat' dir='ltr'>inuiolatis,</span> <span class='ocrx_word' id='word_1_111' title='bbox 502 1475 556 1534; x_wconf 84' lang='lat' dir='ltr'>haec</span> <span class='ocrx_word' id='word_1_112' title='bbox 583 1493 673 1534; x_wconf 76' lang='lat' dir='ltr'>tumen</span> <span class='ocrx_word' id='word_1_113' title='bbox 695 1495 787 1546; x_wconf 81' lang='lat' dir='ltr'>metu,</span> 
     </span>
     <span class='ocr_line' id='line_1_18' title="bbox 133 1550 789 1625; baseline -0.002 -14"><span class='ocrx_word' id='word_1_114' title='bbox 133 1556 245 1625; x_wconf 88' lang='lat' dir='ltr'>dolore,</span> <span class='ocrx_word' id='word_1_115' title='bbox 269 1555 381 1620; x_wconf 83' lang='lat' dir='ltr'>inedia,</span> <span class='ocrx_word' id='word_1_116' title='bbox 406 1553 551 1619; x_wconf 82' lang='lat' dir='ltr'>cruditate,</span> <span class='ocrx_word' id='word_1_117' title='bbox 571 1550 737 1618; x_wconf 78' lang='lat' dir='ltr'>laffirucline,</span> <span class='ocrx_word' id='word_1_118' title='bbox 761 1561 789 1614; x_wconf 86' lang='lat'>&amp;</span> 
     </span>
     <span class='ocr_line' id='line_1_19' title="bbox 137 1625 791 1710; baseline -0.002 -20"><span class='ocrx_word' id='word_1_119' title='bbox 137 1633 208 1693; x_wconf 79' lang='lat' dir='ltr'>mille</span> <span class='ocrx_word' id='word_1_120' title='bbox 234 1636 298 1693; x_wconf 83' lang='lat' dir='ltr'>aliis</span> <span class='ocrx_word' id='word_1_121' title='bbox 326 1630 503 1689; x_wconf 82' lang='lat' dir='ltr'>mediocribus</span> <span class='ocrx_word' id='word_1_122' title='bbox 524 1639 540 1689; x_wconf 91' lang='lat' dir='ltr'>b</span> <span class='ocrx_word' id='word_1_123' title='bbox 560 1625 696 1688; x_wconf 71' lang='lat' dir='ltr'>affcsiibus</span> <span class='ocrx_word' id='word_1_124' title='bbox 724 1628 791 1710; x_wconf 82' lang='lat' dir='ltr'>saepe</span> 
     </span>
     <span class='ocr_line' id='line_1_20' title="bbox 134 1706 790 1797; baseline -0.003 -29"><span class='ocrx_word' id='word_1_125' title='bbox 134 1730 278 1771; x_wconf 81' lang='lat' dir='ltr'>mutantur.</span> <span class='ocrx_word' id='word_1_126' title='bbox 319 1708 397 1769; x_wconf 83' lang='lat' dir='ltr'>Unde</span> <span class='ocrx_word' id='word_1_127' title='bbox 419 1709 506 1766; x_wconf 81' lang='lat' dir='ltr'>musto</span> <span class='ocrx_word' id='word_1_128' title='bbox 526 1711 615 1797; x_wconf 78' lang='lat' dir='ltr'>magis</span> <span class='ocrx_word' id='word_1_129' title='bbox 633 1706 790 1779; x_wconf 86' lang='lat' dir='ltr'>vcrisrmiie‚</span> 
     </span>
     <span class='ocr_line' id='line_1_21' title="bbox 83 1786 788 1866; baseline 0.003 -20"><span class='ocrx_word' id='word_1_130' title='bbox 83 1792 275 1856; x_wconf 67' lang='lat' dir='ltr'>minutiora,</span> <span class='ocrx_word' id='word_1_131' title='bbox 296 1789 391 1866; x_wconf 84' lang='lat' dir='ltr'>quibus</span> <span class='ocrx_word' id='word_1_132' title='bbox 405 1786 489 1855; x_wconf 82' lang='lat' dir='ltr'>major</span> <span class='ocrx_word' id='word_1_133' title='bbox 504 1786 628 1845; x_wconf 79' lang='lat' dir='ltr'>mollities</span> <span class='ocrx_word' id='word_1_134' title='bbox 641 1793 667 1844; x_wconf 71' lang='grc' dir='ltr'>ὅ(</span> <span class='ocrx_word' id='word_1_135' title='bbox 679 1786 723 1845; x_wconf 81' lang='lat' dir='ltr'>lux</span> <span class='ocrx_word' id='word_1_136' title='bbox 732 1788 788 1866; x_wconf 81' lang='lat' dir='ltr'>ipsa</span> 
     </span>
     <span class='ocr_line' id='line_1_22' title="bbox 137 1863 787 1946; baseline 0.002 -21"><span class='ocrx_word' id='word_1_137' title='bbox 137 1887 207 1925; x_wconf 72' lang='lat' dir='ltr'>nonu</span> <span class='ocrx_word' id='word_1_138' title='bbox 221 1864 277 1933; x_wconf 88' lang='lat' dir='ltr'>est,</span> <span class='ocrx_word' id='word_1_139' title='bbox 298 1867 343 1926; x_wconf 91' lang='lat' dir='ltr'>snb</span> <span class='ocrx_word' id='word_1_140' title='bbox 357 1863 511 1946; x_wconf 78' lang='lat' dir='ltr'>gravissimis</span> <span class='ocrx_word' id='word_1_141' title='bbox 528 1863 675 1922; x_wconf 82' lang='lat' dir='ltr'>vulneribus</span> <span class='ocrx_word' id='word_1_142' title='bbox 688 1872 714 1923; x_wconf 86' lang='lat'>&amp;</span> <span class='ocrx_word' id='word_1_143' title='bbox 731 1867 787 1943; x_wconf 83' lang='lat' dir='ltr'>ipra</span> 
     </span>
     <span class='ocr_line' id='line_1_23' title="bbox 135 1941 789 2021; baseline -0.003 -19"><span class='ocrx_word' id='word_1_144' title='bbox 135 1942 304 2004; x_wconf 80' lang='lat' dir='ltr'>trucidatione</span> <span class='ocrx_word' id='word_1_145' title='bbox 328 1944 433 2002; x_wconf 84' lang='lat' dir='ltr'>murari.</span> <span class='ocrx_word' id='word_1_146' title='bbox 468 1943 563 2021; x_wconf 83' lang='lat' dir='ltr'>Neque</span> <span class='ocrx_word' id='word_1_147' title='bbox 584 1945 727 2021; x_wconf 87' lang='lat' dir='ltr'>quicquam</span> <span class='ocrx_word' id='word_1_148' title='bbox 750 1941 789 2001; x_wconf 90' lang='lat' dir='ltr'>es·</span> 
     </span>
     <span class='ocr_line' id='line_1_24' title="bbox 135 2019 789 2100; baseline -0.002 -19"><span class='ocrx_word' id='word_1_149' title='bbox 135 2020 292 2088; x_wconf 79' lang='lat' dir='ltr'>sestnuius,</span> <span class='ocrx_word' id='word_1_150' title='bbox 316 2041 425 2100; x_wconf 83' lang='lat' dir='ltr'>equam</span> <span class='ocrx_word' id='word_1_151' title='bbox 441 2019 516 2096; x_wconf 83' lang='lat' dir='ltr'>quale</span> <span class='ocrx_word' id='word_1_152' title='bbox 532 2020 598 2096; x_wconf 90' lang='lat' dir='ltr'>quid</span> <span class='ocrx_word' id='word_1_153' title='bbox 608 2019 789 2080; x_wconf 87' lang='lat' dir='ltr'>vivohomiue</span> 
     </span>
     <span class='ocr_line' id='line_1_25' title="bbox 136 2096 787 2170; baseline -0.002 -12"><span class='ocrx_word' id='word_1_154' title='bbox 136 2099 195 2166; x_wconf 87' lang='lat' dir='ltr'>est,</span> <span class='ocrx_word' id='word_1_155' title='bbox 214 2100 416 2158; x_wconf 82' lang='lat' dir='ltr'>raleexistimare</span> <span class='ocrx_word' id='word_1_156' title='bbox 431 2096 480 2155; x_wconf 86' lang='lat' dir='ltr'>esse</span> <span class='ocrx_word' id='word_1_157' title='bbox 494 2099 621 2157; x_wconf 79' lang='lat' dir='ltr'>moriture</span> <span class='ocrx_word' id='word_1_158' title='bbox 637 2147 644 2169; x_wconf 87' lang='lat'>‚</span> <span class='ocrx_word' id='word_1_159' title='bbox 664 2100 721 2157; x_wconf 89' lang='lat' dir='ltr'>imo</span> <span class='ocrx_word' id='word_1_160' title='bbox 731 2101 787 2170; x_wconf 84' lang='lat' dir='ltr'>jam</span> 
     </span>
     <span class='ocr_line' id='line_1_26' title="bbox 84 2174 790 2255; baseline -0.011 -17"><span class='ocrx_word' id='word_1_161' title='bbox 84 2190 124 2255; x_wconf 67' lang='grc' dir='ltr'>η</span> <span class='ocrx_word' id='word_1_162' title='bbox 139 2195 257 2235; x_wconf 88' lang='lat' dir='ltr'>mortuo.</span> <span class='ocrx_word' id='word_1_163' title='bbox 289 2180 364 2237; x_wconf 86' lang='lat' dir='ltr'>Nam</span> <span class='ocrx_word' id='word_1_164' title='bbox 379 2197 412 2234; x_wconf 87' lang='lat' dir='ltr'>ne</span> <span class='ocrx_word' id='word_1_165' title='bbox 425 2194 526 2233; x_wconf 82' lang='lat' dir='ltr'>uterum</span> <span class='ocrx_word' id='word_1_166' title='bbox 535 2177 661 2253; x_wconf 88' lang='lat' dir='ltr'>quidem,</span> <span class='ocrx_word' id='word_1_167' title='bbox 683 2174 790 2234; x_wconf 82' lang='lat' dir='ltr'>urnihi.</span> 
     </span>
     <span class='ocr_line' id='line_1_27' title="bbox 136 2253 789 2331; baseline -0.005 -16"><span class='ocrx_word' id='word_1_168' title='bbox 136 2256 257 2315; x_wconf 83' lang='lat' dir='ltr'>lominus</span> <span class='ocrx_word' id='word_1_169' title='bbox 271 2274 356 2315; x_wconf 88' lang='lat' dir='ltr'>aerem</span> <span class='ocrx_word' id='word_1_170' title='bbox 373 2254 525 2318; x_wconf 78' lang='lat' dir='ltr'>contineat,</span> <span class='ocrx_word' id='word_1_171' title='bbox 552 2254 663 2331; x_wconf 82' lang='lat' dir='ltr'>spirante</span> <span class='ocrx_word' id='word_1_172' title='bbox 678 2253 789 2312; x_wconf 88' lang='lat' dir='ltr'>homine</span> 
     </span>
     <span class='ocr_line' id='line_1_28' title="bbox 135 2330 790 2412; baseline -0.002 -22"><span class='ocrx_word' id='word_1_173' title='bbox 135 2333 211 2412; x_wconf 76' lang='lat' dir='ltr'>posse</span> <span class='ocrx_word' id='word_1_174' title='bbox 232 2333 344 2392; x_wconf 84' lang='lat' dir='ltr'>diduci:</span> <span class='ocrx_word' id='word_1_175' title='bbox 371 2331 524 2408; x_wconf 80' lang='lat' dir='ltr'>simulatque</span> <span class='ocrx_word' id='word_1_176' title='bbox 547 2352 608 2388; x_wconf 87' lang='lat' dir='ltr'>vero</span> <span class='ocrx_word' id='word_1_177' title='bbox 634 2330 731 2390; x_wconf 87' lang='lat' dir='ltr'>ferrum</span> <span class='ocrx_word' id='word_1_178' title='bbox 755 2332 790 2389; x_wconf 83' lang='lat' dir='ltr'>ud</span> 
     </span>
     <span class='ocr_line' id='line_1_29' title="bbox 135 2403 792 2488; baseline -0.02 -18"><span class='ocrx_word' id='word_1_179' title='bbox 135 2411 282 2488; x_wconf 79' lang='lat' dir='ltr'>praecotdia</span> <span class='ocrx_word' id='word_1_180' title='bbox 302 2409 421 2476; x_wconf 77' lang='lat' dir='ltr'>accessit,</span> <span class='ocrx_word' id='word_1_181' title='bbox 457 2415 483 2466; x_wconf 90' lang='lat'>&amp;</span> <span class='ocrx_word' id='word_1_182' title='bbox 512 2403 640 2468; x_wconf 84' lang='lat' dir='ltr'>discissum</span> <span class='ocrx_word' id='word_1_183' title='bbox 664 2408 792 2466; x_wconf 75' lang='lat' dir='ltr'>transiet.</span> 
     </span>
     <span class='ocr_line' id='line_1_30' title="bbox 138 2484 791 2564; baseline -0.006 -18"><span class='ocrx_word' id='word_1_184' title='bbox 138 2488 198 2546; x_wconf 89' lang='lat' dir='ltr'>sum</span> <span class='ocrx_word' id='word_1_185' title='bbox 224 2484 324 2564; x_wconf 85' lang='lat' dir='ltr'>septum</span> <span class='ocrx_word' id='word_1_186' title='bbox 354 2487 415 2554; x_wconf 91' lang='lat' dir='ltr'>est,</span> <span class='ocrx_word' id='word_1_187' title='bbox 432 2514 433 2521; x_wconf 45' lang='lat'>¹</span> <span class='ocrx_word' id='word_1_188' title='bbox 449 2485 521 2563; x_wconf 88' lang='lat' dir='ltr'>quud</span> <span class='ocrx_word' id='word_1_189' title='bbox 547 2489 702 2546; x_wconf 79' lang='lat' dir='ltr'>membrana</span> <span class='ocrx_word' id='word_1_190' title='bbox 726 2505 791 2562; x_wconf 81' lang='lat' dir='ltr'>qua-</span> 
     </span>
     <span class='ocr_line' id='line_1_31' title="bbox 89 2562 871 2644; baseline -0.006 -22"><span class='ocrx_word' id='word_1_191' title='bbox 89 2577 127 2643; x_wconf 75' lang='lat'>30</span> <span class='ocrx_word' id='word_1_192' title='bbox 141 2567 206 2626; x_wconf 79' lang='lat' dir='ltr'>darn</span> <span class='ocrx_word' id='word_1_193' title='bbox 231 2565 372 2644; x_wconf 77' lang='lat' dir='ltr'>superiores</span> <span class='ocrx_word' id='word_1_194' title='bbox 397 2583 480 2644; x_wconf 84' lang='lat' dir='ltr'>partes</span> <span class='ocrx_word' id='word_1_195' title='bbox 506 2563 539 2620; x_wconf 81' lang='lat' dir='ltr'>ab</span> <span class='ocrx_word' id='word_1_196' title='bbox 560 2562 727 2622; x_wconf 82' lang='lat' dir='ltr'>inferioribus</span> <span class='ocrx_word' id='word_1_197' title='bbox 743 2562 792 2618; x_wconf 38' lang='lat' dir='ltr'>adi·</span> <span class='ocrx_word' id='word_1_198' title='bbox 841 2606 844 2612; x_wconf 32' lang='lat' dir='ltr'>r</span> <span class='ocrx_word' id='word_1_199' title='bbox 869 2566 871 2569; x_wconf 82' lang='lat'>&#39;</span> 
     </span>
     <span class='ocr_line' id='line_1_32' title="bbox 137 2639 792 2720; baseline -0.014 -17"><span class='ocrx_word' id='word_1_200' title='bbox 137 2644 209 2703; x_wconf 77' lang='lat' dir='ltr'>ducit</span> <span class='ocrx_word' id='word_1_201' title='bbox 221 2641 409 2720; x_wconf 69' lang='grc' dir='ltr'>’(διαίφςαγμα</span> <span class='ocrx_word' id='word_1_202' title='bbox 423 2641 508 2700; x_wconf 79' lang='lat' dir='ltr'>Graeci</span> <span class='ocrx_word' id='word_1_203' title='bbox 520 2645 629 2714; x_wconf 80' lang='lat' dir='ltr'>uocant)</span> <span class='ocrx_word' id='word_1_204' title='bbox 650 2639 792 2694; x_wconf 82' lang='lat' dir='ltr'>homiuem</span> 
     </span>
     <span class='ocr_line' id='line_1_33' title="bbox 141 2715 793 2799; baseline -0.009 -21"><span class='ocrx_word' id='word_1_205' title='bbox 141 2721 262 2799; x_wconf 74' lang='lat' dir='ltr'>protinus</span> <span class='ocrx_word' id='word_1_206' title='bbox 280 2722 399 2778; x_wconf 80' lang='lat' dir='ltr'>animum</span> <span class='ocrx_word' id='word_1_207' title='bbox 414 2721 552 2778; x_wconf 81' lang='lat' dir='ltr'>amittere:</span> <span class='ocrx_word' id='word_1_208' title='bbox 582 2720 668 2790; x_wconf 86' lang='lat' dir='ltr'>iraque</span> <span class='ocrx_word' id='word_1_209' title='bbox 682 2715 793 2786; x_wconf 79' lang='lat' dir='ltr'>demum</span> 
     </span>
     <span class='ocr_line' id='line_1_34' title="bbox 145 2793 795 2878; baseline -0.014 -21"><span class='ocrx_word' id='word_1_210' title='bbox 145 2801 241 2858; x_wconf 82' lang='lat' dir='ltr'>mortui</span> <span class='ocrx_word' id='word_1_211' title='bbox 262 2797 450 2878; x_wconf 72' lang='lat' dir='ltr'>precordia&amp;</span> <span class='ocrx_word' id='word_1_212' title='bbox 472 2794 553 2852; x_wconf 75' lang='lat' dir='ltr'>viscus</span> <span class='ocrx_word' id='word_1_213' title='bbox 576 2810 658 2851; x_wconf 87' lang='lat' dir='ltr'>omne</span> <span class='ocrx_word' id='word_1_214' title='bbox 681 2793 708 2848; x_wconf 91' lang='lat' dir='ltr'>in</span> <span class='ocrx_word' id='word_1_215' title='bbox 732 2810 795 2848; x_wconf 88' lang='lat' dir='ltr'>con-</span> 
     </span>
    </p>
   </div>
   <div class='ocr_carea' id='block_1_3' title="bbox 146 2867 796 3012">
    <p class='ocr_par' dir='ltr' id='par_1_3' title="bbox 146 2867 796 3012">
     <span class='ocr_line' id='line_1_35' title="bbox 146 2867 795 2956; baseline -0.017 -20"><span class='ocrx_word' id='word_1_216' title='bbox 146 2877 263 2956; x_wconf 59' lang='lat' dir='ltr'>speuum</span> <span class='ocrx_word' id='word_1_217' title='bbox 292 2874 467 2934; x_wconf 76' lang='lat' dir='ltr'>latrocinantis</span> <span class='ocrx_word' id='word_1_218' title='bbox 490 2872 587 2932; x_wconf 85' lang='lat' dir='ltr'>medici</span> <span class='ocrx_word' id='word_1_219' title='bbox 613 2869 691 2928; x_wconf 75' lang='lat' dir='ltr'>duri:</span> <span class='ocrx_word' id='word_1_220' title='bbox 722 2867 795 2943; x_wconf 87' lang='lat' dir='ltr'>quod</span> 
     </span>
     <span class='ocr_line' id='line_1_36' title="bbox 462 2943 796 3012; baseline -0.009 -6"><span class='ocrx_word' id='word_1_221' title='bbox 462 2953 487 3006; x_wconf 83' lang='lat' dir='ltr'>A</span> <span class='ocrx_word' id='word_1_222' title='bbox 502 2964 517 3012; x_wconf 82' lang='lat'><strong><em>6</em></strong></span> <span class='ocrx_word' id='word_1_223' title='bbox 711 2943 796 3004; x_wconf 85' lang='lat' dir='ltr'>neces·</span> 
     </span>
    </p>
   </div>
   <div class='ocr_carea' id='block_1_4' title="bbox 148 3081 799 3216">
    <p class='ocr_par' dir='ltr' id='par_1_4' title="bbox 148 3081 799 3216">
     <span class='ocr_line' id='line_1_37' title="bbox 176 3081 799 3161; baseline -0.006 -17"><span class='ocrx_word' id='word_1_224' title='bbox 176 3081 799 3161; x_wconf 66' lang='lat' dir='ltr'>bouintirdeclamur11.pag.116.ed.Gruu.chi·</span> 
     </span>
     <span class='ocr_line' id='line_1_38' title="bbox 148 3156 460 3216; baseline -0.019 -8"><span class='ocrx_word' id='word_1_225' title='bbox 148 3156 460 3216; x_wconf 74' lang='lat' dir='ltr'>uor.fflst.nnim.1n.n</span> 
     </span>
    </p>
   </div>
   <div class='ocr_carea' id='block_1_5' title="bbox 0 0 949 3502">
    <p class='ocr_par' dir='ltr' id='par_1_5' title="bbox 0 0 949 3502">
     <span class='ocr_line' id='line_1_39' title="bbox 0 0 949 3502; baseline 0 0"><span class='ocrx_word' id='word_1_226' title='bbox 0 0 949 3502; x_wconf 95' lang='lat' dir='ltr'> </span> 
     </span>
    </p>
   </div>
  </div>
 </body>
</html>
