1882 3502
173 247 252 323 {urie
258 248 415 311 obtundere.
435 253 498 310 Hoc
512 266 601 310 unum
610 248 719 323 dcam,
736 249 821 320 qualis
832 251 921 331 qualit

172 328 264 400 noster
276 329 372 387 fuerit,
383 326 553 407 digniffimus
565 326 813 396 emundatum
826 329 919 399 cultu,

173 405 217 476 yet
236 405 373 483 elegantiae
392 410 494 473 nitore,
514 423 570 463 non
580 402 670 463 solum
681 405 729 482 qui
739 405 916 481 legatur,sed

171 481 221 563 qui
233 498 385 554 numquam
396 482 430 539 de
443 481 565 541 manibus
579 479 740 571 deponatur.
753 486 915 553 metamor,

171 554 269 619 nullius
300 557 342 615 ost
348 558 541 637 Hippocratem
555 556 670 616 lectione
682 557 723 616 vel
733 560 805 618 affici
815 561 914 638 magis,

171 634 214 696 vel
227 579 335 692 erudiri.
352 635 416 709 Quo
430 637 550 697 fastum.
562 651 594 693 ut
607 641 636 695 δι
646 632 742 714 saepius
752 635 912 714 relegerint,

171 711 202 773 ut
215 726 367 787 numquam
384 712 439 769 fine
451 726 534 782 voto,
545 711 667 770 existeret
677 711 785 790 aliquis,
804 715 851 792 qui
864 730 914 774 aut

170 786 246 846 daret
271 807 336 847 eum
356 787 432 846 nobis
456 808 540 868 quom
571 789 840 859 emendatissimum,
865 805 915 852 aut

170 867 333 922 emendandi
359 867 502 924 materiam
528 862 714 944 suppeditaret.
750 868 842 943 Quam
862 883 914 926 tuo

170 943 281 1011 tandem
303 941 432 1000 beneficio
452 943 610 1005 consecutus
623 941 742 1000 nobilem
756 944 913 1021 &locuple—

169 1032 245 1086 tem,
264 1019 354 1076 statim
373 1019 449 1095 operi
465 1019 576 1092 admovi
587 1039 714 1094 manum3
732 1040 788 1099 quo
800 1026 827 1082 δι
841 1041 911 1080 mete

167 1093 349 1156 satisfacerem
375 1097 530 1174 cupiditati,
549 1099 577 1157 &
602 1099 781 1173 expediationi
796 1117 918 1168 eorum,-

167 1170 239 1262 apttd
258 1192 326 1248 quos
344 1172 414 1231 nuila
433 1170 638 1231 nono'ccaiione
649 1173 792 1234 &laudare
805 1177 910 1234 Corne-

67 1306 69 1329 :
168 1246 236 1308 hum
251 1246 388 1317 nostrum,
402 1250 430 1309 ὃ(
442 1248 510 1306 serio
524 1249 718 1307 commendare
729 1250 791 1308 sum
807 1251 909 1311 solitus.

96 1348 100 1357 ·
168 1324 261 1402 Quam
275 1339 367 1385 autem
387 1322 498 1385 feliciter
512 1326 581 1384 mihi
594 1346 636 1384 res
649 1325 696 1384 sub
707 1347 791 1385 mauu
805 1328 908 1387 succes-

129 1461 132 1470 ,
167 1397 245 1466 serit,
266 1417 294 1462 te
313 1405 394 1462 velim
407 1400 448 1462 vel
462 1402 490 1460 in
503 1402 598 1481 primis
608 1401 739 1480 judicare.
758 1407 833 1462 Nam
847 1406 908 1464 haec

166 1480 238 1540 inter
264 1481 392 1558 plurimas
419 1479 488 1551 mihi
512 1479 590 1538 causa
614 1478 672 1551 est,
696 1479 770 1560 quod
796 1482 907 1541 Celsum

165 1557 261 1627 istum,
275 1571 359 1635 quem
380 1577 474 1616 meum
494 1555 614 1636 imagine
626 1561 743 1634 quadam
756 1558 910 1646 adoptionis

166 1631 232 1702 feci,
244 1633 419 1694 celeberrimo
432 1639 480 1691 tuo
491 1637 612 1697 nomini,
627 1640 654 1695 δι
669 1635 762 1692 multis
773 1635 842 1691 mihi
855 1655 920 1708 no-¹

154 1735 156 1740 ’
167 1709 285 1769 minibus
298 1707 463 1785 suspiciendo
478 1711 644 1784 colendoque
657 1709 845 1764 consecrarim.
869 1715 905 1770 In

165 1781 247 1844 seculi
264 1786 363 1860 quippe
383 1783 462 1856 hujus
476 1789 501 1839 dt
515 1798 573 1838 tam
587 1783 753 1858 antiquitatis
763 1782 904 1855 fastidiosi,

185 1880 248 1918 uam
266 1859 393 1917 novitatis
411 1858 502 1913 omnis
525 1856 627 1935 cupidi.
646 1856 821 1934 conspedtum
840 1881 904 1938 pro-

164 1883 355 2006 dnouement,
373 1953 423 1991 uec
442 1931 496 1989 fine
514 1949 631 2009 patrono
650 1933 759 2003 ausum,
779 1937 857 2011 cujus
874 1941 904 1998 iu

165 2014 314 2075 clientelam
327 2013 429 2088 potius,
463 2027 528 2066 uam
547 2024 624 2068 tuam
637 2011 716 2069 debui
735 2011 814 2070 dare?
834 2016 904 2074 Abs-

163 2108 217 2229 que
236 2091 285 2147 iliis
296 2105 368 2146 certe
380 2029 510 2152 subsidiis,
529 2104 589 2164 quae
602 2087 671 2144 mihi
683 2108 835 2167 numquam
847 2093 903 2151 fine

73 2165 89 2218 ss
176 2186 271 2228 omma
290 2165 367 2222 l'aude
385 2163 549 2240 loquendum
569 2163 685 2223 studium
699 2181 778 2224 tuum
789 2167 903 2244 juvandi

162 2241 302 2323 publicum
317 2240 391 2309 tulit,
412 2243 431 2296 ii
445 2235 546 2310 fuiffit,
561 2240 602 2300 vel
615 2244 740 2300 animum
751 2262 807 2300 non
820 2247 902 2323 appli-

163 2320 272 2381 cuissem
290 2320 322 2376 ad
342 2316 556 2396 recognitionem
577 2319 704 2380 Authoris
717 2335 748 2377 ut
760 2322 903 2380 eruditiffi-

162 2400 216 2464 mi,
230 2398 267 2453 ita
281 2402 309 2456 &
324 2414 402 2453 cortu
423 2394 524 2453 tissimi.
541 2396 610 2472 Quis
622 2396 728 2464 credat,
742 2397 801 2473 post
814 2400 903 2477 Egna-

161 2472 214 2541 tii,
240 2473 367 2540 Caesarii,
396 2416 583 2539 dmstamini,
609 2472 756 2552 Stephani,
780 2476 903 2544 Pantini,

162 2551 287 2620 Ronssei,
299 2546 400 2618 Rubei,
415 2563 457 2606 tot
468 2546 608 2607 illustrium
622 2550 745 2608 vitorum
756 2550 903 2628 diligentis-

110 2688 113 2700 *
161 2629 240 2687 fimas
253 2647 345 2690 curas,
366 2623 441 2684 fuiffe
459 2623 527 2682 mihi
545 2624 610 2704 plus
623 2645 687 2684 uam
697 2624 737 2683 bis
748 2627 902 2688 milleiocis

66 2725 67 2728 ’
160 2707 372 2784 corrigendum?
415 2723 450 2760 uo
470 2702 478 2759 i
498 2645 699 2782 soquiadcciffe
710 2722 756 2759 me
769 2723 837 2781 opus
850 2727 902 2782 pu-

159 2784 251 2842 tabam
271 2782 335 2838 nou'
347 2784 466 2856 poeniten
487 2799 551 2848 um,
568 2793 615 2838 aut
634 2793 683 2839 tuo
695 2779 808 2842 nomine
819 2787 848 2842 ὃς
861 2783 904 2842 se-

159 2856 223 2918 culo
242 2859 399 2936 indignum,
418 2857 501 2915 etiam
518 2855 571 2912 hoc
589 2856 666 2914 ausus
685 2857 746 2915 sum
759 2855 921 2932 illiyiuscm‘

157 2934 231 3000 bere.
248 2935 371 3017 quemvis
384 2951 441 2996 uon
451 2930 579 3016 ignorem
590 2932 681 2995 multo
692 2933 772 3014 plura
781 2937 903 3015 majora-

805 3050 809 3058 ·
847 3029 904 3092 que
