1882 3502
209 197 246 253 ¹4
365 175 657 234 deoru-citer
762 173 860 233 libr.

208 273 316 354 persono
337 272 472 348 periclitari
495 271 639 344 eonjedlura
663 270 705 329 lua
731 267 860 342 voluerim

18 420 25 433 ,
110 373 241 440 ,mne
256 351 393 415 occidiile,
414 349 462 408 nisi
480 347 606 415 servall'er,
627 348 762 408 videretur.
793 348 859 408 Veii

206 448 294 490 temen
318 426 468 494 fimileest,
495 421 601 508 potuille
626 427 725 505 aliquid
748 427 856 505 excogi-

205 525 282 572 tare,
310 507 422 565 detrad'ta
445 506 489 563 tali
511 505 687 572 verecundia,
711 511 737 563 δι
755 500 858 565 fotralle

204 584 388 662 responsurum
415 579 487 642 fuille
508 586 559 648 id,
587 583 659 661 quod
683 583 777 662 aliquis
798 579 884 654 effeti

204 681 335 741 expertus.
373 661 416 720 Ad
432 661 505 739 quod
524 660 661 721 mediciiiae
675 680 780 741 genus,
807 683 857 723 ne.

224 762 256 800 ue
277 739 377 820 semper
398 739 541 799 fimilitudo
562 739 662 816 aliquid
683 737 806 808 confert;
826 750 856 803 δε

201 762 338 898 iquando
360 815 476 884 confert,
494 820 582 876 timeri
603 814 717 895 idipsum
740 824 856 880 rationa-

201 897 255 956 bile
265 896 321 963 est,
340 899 406 955 inter
418 895 600 954 multafimilio
614 915 723 974 genera,
745 903 854 956 &mot-

202 974 299 1036 borum
318 982 345 1033 &
360 973 557 1039 remediorum,
577 977 690 1054 cogitare
705 1011 714 1039 ,
735 993 789 1052 quo
804 995 854 1052 po·
867 992 902 1032 io

200 1053 330 1114 tiffimum
352 1053 545 1111 medicamento
562 1049 591 1108 fit
607 1049 744 1108 utendum.
780 1054 854 1112 Cum

198 1131 280 1212 igitur
303 1133 360 1191 ralis
384 1151 422 1189 res
456 1129 574 1192 incidit,
605 1128 723 1186 medicus
751 1129 853 1206 aliquid

200 1227 304 1285 oportet
328 1211 467 1271 inveniat,
495 1206 567 1285 quod
590 1225 643 1265 nun
673 1206 770 1281 ubique
797 1207 855 1267 for·
909 1252 913 1257 .

199 1285 281 1356 talle3
307 1287 349 1346 sed
366 1284 457 1365 saepius
477 1300 565 1344 tamen
588 1286 668 1344 etiam
690 1283 853 1361 respondeat.

200 1363 272 1424 Peter
297 1385 384 1426 aurem
417 1384 517 1423 novum
555 1383 662 1444 quoque
691 1361 849 1431 eonsilium,
865 1378 895 1436 15

198 1458 256 1500 non
272 1444 306 1504 ab
329 1443 404 1504 rebus
421 1443 556 1502 latentibus
579 1441 649 1515 iistae
669 1442 742 1501 enirn
764 1440 851 1500 dubiae

199 1523 228 1577 δι
243 1522 343 1582 incertae
359 1523 429 1596 sunt)
453 1520 494 1580 sed
509 1522 542 1578 ab
556 1519 618 1587 liis,
646 1539 704 1598 quae
719 1519 850 1596 explorari

196 1595 321 1673 poliunt,
341 1598 445 1667 idest,
465 1600 624 1658 evidentibus
646 1597 733 1658 causis.
769 1599 852 1656 Inier-

198 1671 237 1731 est
252 1681 350 1745 enim,
379 1675 498 1756 fatigatio
513 1677 656 1739 morbum,
676 1694 709 1730 aii
725 1672 793 1736 sitim
812 1694 848 1731 an

197 1746 299 1828 frigus,
319 1751 449 1816 a‘ncolom
468 1751 614 1826 onvigilia,
634 1768 668 1804 an
685 1746 845 1804 famesfece·
860 1769 899 1809 to

197 1825 249 1893 rit,
268 1845 302 1883 an
313 1830 364 1886 cibi
386 1827 492 1900 vinique
504 1821 659 1879 abundantia
669 1836 680 1885 ‚¹
698 1840 733 1879 aii
748 1822 845 1882 intem·

198 1904 314 1980 perantia
342 1899 470 1961 libidinis.
506 1900 600 1976 Neque
628 1899 748 1980 ignorate
775 1900 845 1962 hune

101 1998 324 2060 ,7‚33‚oportet‚
351 1984 409 2058 quae
429 1977 458 2036 sir
482 1977 544 2050 aegri
560 1994 674 2035 natura:
699 1977 843 2040 humidum

196 2059 307 2136 magis,
331 2076 364 2114 an
387 2056 473 2135 magis
493 2053 586 2113 siceum
608 2075 702 2134 eorpus
722 2055 774 2130 ejus
797 2057 842 2117 fir:

195 2133 276 2193 validi
293 2135 388 2199 nervi,
416 2153 450 2191 aii
462 2130 578 2190 infirmi:
600 2130 720 2213 frequens
740 2135 843 2196 adversa
856 2159 891 2219 25

195 2211 332 2276 valetudo,
352 2230 387 2269 an
399 2229 469 2270 rara:
490 2229 594 2289 eaque,
615 2213 745 2279 comest,
766 2213 841 2273 velie·

128 2324 131 2329 ·
195 2308 272 2349 mens
280 2285 327 2350 elle
335 2289 430 2356 soleat,
450 2289 571 2358 anleii53
590 2290 694 2357 brevis,
709 2312 743 2351 an
752 2292 843 2373 longa:

192 2367 268 2448 quod
283 2372 305 2428 is
317 2368 374 2426 vitat
385 2388 467 2452 genus
481 2367 511 2426 fit
533 2368 643 2440 setinum
664 2370 841 2438 laboriosum,

193 2464 229 2504 an
246 2449 381 2524 quietum,·
401 2449 550 2515 eumluxu,
570 2467 673 2508 ancum
687 2448 840 2530 frugalitate.

193 2525 237 2582 Ex
252 2525 294 2586 his
311 2527 382 2584 enim
400 2564 412 2594 ,
438 2525 627 2605 similibusque,
650 2527 714 2605 saepe
733 2526 839 2585 curandi
853 2545 888 2603 po

193 2619 265 2662 nova
287 2605 354 2665 tatio
368 2603 484 2664 ducenda
497 2603 543 2665 est.
580 2605 712 2680 Quamvis
729 2624 761 2663 ne
784 2603 839 2663 liaee

193 2681 303 2758 quidem
327 2681 360 2742 fic
374 2684 495 2761 praeteriri
510 2683 602 2743 debent
617 2722 626 2749 ,
655 2683 726 2763 quasi
738 2682 839 2740 nullam

193 2761 392 2821 controveifiam
424 2762 556 2834 recipiant.
598 2764 673 2823 Nam
705 2769 732 2820 δι
756 2758 840 2817 Erasi·

192 2831 287 2902 stratio
300 2858 355 2898 non
369 2859 402 2898 ex
414 2839 456 2902 his
469 2838 526 2901 lieri
541 2843 649 2903 morbos
661 2840 729 2900 dixit
744 2863 752 2907 3
772 2856 840 2926 quo·

763 2933 837 2974 niain
